2490 4500
191 218 269 319 '446
368 213 674 294 Fa'vortrt
721 203 1035 295 Evtoo'ri

192 339 286 393 duobus
300 337 363 389 velut
375 335 525 387 tetrachordia
542 337 602 385 inter
615 331 638 384 se
652 335 797 387 co‘e'untibut.
817 352 924 403 quotum
939 338 1067 391 intervalla
1079 336 1199 393 louinco
1233 360 1241 393 .·

192 404 236 454 me
249 403 386 464 Pythagoras
403 397 524 448 ostendit:
566 399 591 447 ui
607 412 620 445 a
638 396 780 464 tentusque
796 400 826 448 ad
840 401 913 449 illum
930 404 1064 456 verticem,
1100 406 1123 453 ui
1138 404 1200 454 dicitu
1237 401 1242 411 ’

193 466 309 518 ἀπλανὴς,
324 460 468 511 duodecimi
491 414 795 532 rnerrsapaterecognorit:
810 478 915 527 quorum
933 463 1021 514 divisio
1038 467 1068 515 ad
1083 419 1146 531 dupli
1158 482 1201 515 eur·

191 526 394 578 minationem,
409 521 426 570 si
443 539 459 572 o
483 538 499 570 ο
517 522 546 570 ad
561 535 735 587 quaternatium
752 539 878 572 numerum
887 524 976 574 referre
984 528 1094 576 volueris.
1108 526 1210 601 ’ΝιιιιιμΙ
1235 531 1245 588 l

191 589 225 637 ait
238 602 251 635 a
262 599 322 634 terra
334 586 364 633 ad
377 591 470 634 Lunam
485 586 544 635 rim
560 582 620 642 eise3
635 591 724 634 aLuna
733 585 763 632 ad
772 587 881 635 Mercuni
890 587 1010 637 circulum
1023 593 1164 648 hemitonion
1174 606 1203 639 u·
1236 587 1245 649 ’ἃ

190 648 267 713 deque
283 648 312 697 ad
326 648 423 696 Venerit
435 648 603 696 hemitonion:
618 662 688 712 aquo
696 647 725 696 ad
736 651 816 697 Solem
825 649 868 695 tria
877 647 1026 698 hemitonia.
1050 654 1204 701 asolisarten
1235 658 1245 709 ι’

189 709 249 760 orbe
263 710 293 759 ad
305 711 418 760 circulum
432 710 545 757 Martium
558 722 637 757 conon
646 706 704 765 esse,
720 724 734 757 a
759 727 791 759 uo
800 710 829 758 ad
838 714 922 758 lovem
932 710 1107 764 hemitonion:
1121 714 1204 779 indeque
1236 716 1245 776 ἦ

190 772 221 820 ad
239 774 343 827 Samnii,
358 772 528 829 hemitonium
549 786 625 836 aquo
637 771 668 819 ad
681 722 823 836 Signisttum
837 772 970 830 circulum,
993 772 1104 824 similiter
1120 777 1206 825 hemin·
1224 769 1245 853 'p

189 835 266 885 niun:
282 833 407 883 italietiut
416 830 612 882 sextoniscaelum
622 833 791 890 difleraterra,
814 833 943 882 duodecim
963 835 1052 885 scilicet
1065 838 1204 893 hemitoniis,
1239 860 1245 894 t

187 890 595 963 fieriquehistraditassymphomat.
616 899 727 960 Namque
741 912 754 944 a
766 909 826 944 tetra
839 895 867 943 ad
883 899 946 944 Solis
961 899 1080 949 circulum
1097 900 1206 961 durefort
1241 905 1245 956 ξ

175 958 273 1009 *reboat
280 956 432 1024 symphonia:
447 972 460 1005 a
477 957 538 1006 Solis
552 972 609 1005 vero
625 956 655 1005 ad
670 958 811 1015 zodiacum,
826 961 932 1023 diapente.
957 966 1054 1008 Totum
1063 964 1208 1035 autemdript
1242 985 1245 1027 p

185 1022 247 1082 sin,
256 1036 312 1144 pue
328 1035 357 1068 ex
371 1017 465 1068 duobus
478 1020 561 1082 primis
574 1034 638 1082 aque
650 1019 699 1068 duo
712 1018 763 1068 sunt
777 1017 954 1083 hemisphaeria,
973 1019 1109 1084 superius&
1119 1020 1206 1079 inferre,
1242 1047 1245 1080 ι

193 1087 220 1135 δι
235 1088 260 1131 di
268 1081 368 1149 diapasin
382 1082 455 1130 totius
472 1081 558 1129 mundi
573 1080 662 1129 sonitus
678 1082 783 1130 concinit
800 1097 922 1133 ‚txxnn
939 1084 1055 1135 videlicet
1069 1085 1207 1134 hemitoniis:
1242 1084 1245 1146 Ι

211 1163 245 1196 uae
254 1147 307 1195 licet
314 1143 343 1192 ad
351 1142 451 1205 duplum
459 1140 533 1191 rursus
540 1143 643 1206 accipiar.
658 1146 722 1191 Nam
735 1156 761 1192 ut
777 1145 834 1193 ono
848 1158 862 1191 a
876 1148 1034 1206 quaternario
1048 1147 1082 1195 du
1097 1148 1206 1199 lodislmr
1244 1147 1245 1164 ¹

192 1162 225 1261 de
239 1225 317 1257 mur
327 1204 429 1254 aborto.
454 1203 547 1276 Habent
565 1206 631 1252 enim
644 1203 739 1253 eosdem
755 1207 781 1252 in
797 1203 819 1253 se
835 1209 860 1254 lc
876 1209 938 1254 alios
949 1208 1058 1257 totidem
1077 1163 1207 1273 duplicatur·
1243 1171 1245 1224 l

213 1267 457 1332 uzduplinaturaest.
473 1271 509 1314 Sic
526 1281 581 1330 ergo
595 1281 635 1329 per
649 1280 740 1324 tonos,
752 1268 794 1332 qui
811 1282 860 1333 epig
872 1266 901 1314 'ori
914 1281 1012 1318 tattone
1029 1268 1153 1320 confertim
1167 1271 1208 1319 ria·

192 1287 300 1398 diroque
316 1327 455 1383 miscentur,
470 1326 568 1377 efficitur
584 1326 692 1377 consona
705 1330 806 1394 iugitatia
819 1332 935 1378 continua
950 1331 1094 1381 modulatio
1133 1334 1206 1391 Qun,

193 1410 222 1446 ut
230 1397 262 1444 ait
271 1395 371 1447 Cicero,
386 1394 471 1438 imitari
485 1391 543 1438 docti
558 1394 584 1438 (ν
598 1393 702 1456 sapientes
713 1425 719 1442 ,
734 1394 908 1456 aperueruntfibi
917 1396 1015 1439 reditum
1024 1398 1048 1440 in
1056 1400 1135 1441 calam.
1154 1392 1206 1457 quud

194 1462 222 1509 δι
230 1453 318 1505 Musica
326 1450 447 1516 disciplina
454 1450 522 1501 saciat
534 1464 641 1515 purgatos
653 1455 748 1501 animos
756 1452 808 1502 labe
815 1469 856 1501 cor
889 1469 942 1510 ret,
960 1458 987 1504 δι
1003 1454 1135 1520 imperiosis
1147 1466 1208 1519 patrat

192 1522 231 1570 via
243 1513 386 1566 carminibus
401 1516 427 1563 in
442 1511 513 1577 usque
527 1515 615 1570 illum,
630 1516 671 1578 qui
685 1515 769 1564 dicitur
783 1468 915 1580 peragite,
938 1518 1080 1566 animarum
1093 1517 1155 1567 beata
1167 1520 1206 1567 lucc

192 1580 334 1642 fulgentem.
349 1575 487 1638 verbaerpo
497 1577 620 1624 ciceronis
627 1577 735 1625 attende:
752 1577 846 1626 Dixerat
855 1576 997 1628 Africanus:
1012 1583 1071 1643 Qu
1087 1583 1115 1641 esi
1141 1598 1161 1625 u·
1173 1584 1206 1624 in·

189 1644 238 1711 pler
253 1656 313 1686 aures
329 1653 385 1682 meas
397 1639 481 1707 sor-st
494 1635 596 1684 Mirifice
604 1641 687 1703 impiet.
709 1639 774 1704 Qrid
782 1640 848 1687 enim
856 1655 885 1687 eo
893 1641 1004 1701 plenius,
1021 1596 1206 1706 aut'grandiusm·

210 1701 313 1752 ‘taverisl
327 1700 370 1772 qui
383 1697 490 1769 auditum
503 1697 609 1746 nostrum
622 1700 701 1747 nimio
715 1699 774 1749 sono
788 1704 851 1749 vocis
863 1701 994 1758 obtundit,
1018 1707 1042 1753 δι
1052 1706 1136 1752 oculos
1143 1704 1204 1750 multu

193 1719 288 1817 srimine
301 1763 425 1824 calrgantes
439 1757 486 1824 rpsa
499 1756 533 1807 sul
546 1755 668 1809 substantia
682 1763 1059 1815 cernendinimietatedebiliteti
1077 1768 1124 1814 Cui
1131 1762 1206 1827 respon·
1236 1776 1241 1801 2

196 1827 248 1879 sum
257 1825 303 1875 esi:
319 1828 360 1871 Hic
368 1825 411 1884 est,
426 1826 466 1885 qui
473 1824 593 1869 intervallis
600 1825 721 1883 disjunctus
730 1828 854 1893 imparibus.
870 1833 927 1887 Quae
938 1823 994 1874 sunt
1001 1830 1142 1874 intervalla?
1154 1832 1205 1893 Qua,

194 1905 222 1941 ut
235 1889 284 1938 diri
299 1922 307 1944 ,
331 1885 405 1936 Graeci
420 1886 554 1947 &oriunda
569 1886 752 1936 nominaverunt
767 1921 773 1939 ‚
796 1902 848 1936 non
861 1889 990 1944 locorum,
1013 1887 1053 1938 sed
1069 1900 1205 1937 numerumn

195 1950 282 2016 spatia,
296 1965 348 2014 qua
363 1950 390 1996 in
405 1948 486 1995 metris
499 1960 564 1994 autes
576 1943 641 1995 sensu
655 1951 799 2000 metiuntur,
814 1948 941 2013 disparibus
956 1962 1058 2006 tamen,
1074 1948 1165 1999 sednon
1173 1964 1204 2011 pr·
1244 1955 1245 1976 ³

195 2010 329 2078 gnannbut.
362 2009 429 2075 quod
440 2009 587 2059 hacratlone
602 2024 699 2076 quoque
713 2010 855 2076 probabitur.
890 2017 1002 2078 quatuor
1021 2008 1142 2076 posuimus
1158 2008 1207 2061 sunt
1244 2025 1245 2028 ’

195 2090 256 2127 mils-

227 2309 294 2375 Qrid
306 2320 356 2356 tam
371 2301 501 2356 diversum?
516 2316 597 2353 tamen
604 2307 734 2355 naturalem
743 2309 804 2355 inter
811 2323 848 2355 eas
855 2319 923 2356 cerne
930 2305 1096 2354 concordiam.
1117 2292 1208 2365 Ducpti·

196 2385 263 2419 mam
272 2386 325 2420 cum
335 2382 444 2418 extrema.
468 2367 526 2414 item
542 2382 615 2415 unam
629 2383 658 2415 ex
674 2368 794 2416 mediisin
811 2366 867 2425 sese,
882 2366 996 2416 eamdem
1011 2367 1126 2427 colligent
1132 2371 1208 2427 quant}-

195 2444 277 2481 tatem.
309 2434 347 2480 Bis
361 2431 450 2480 etenim
468 2444 508 2475 xvr
525 2427 589 2477 ducti
598 2458 608 2484 ,
621 2445 689 2480 xxxrr
707 2429 820 2478 efficiunt.
841 2434 866 2480 br
882 2427 998 2477 sexdecies
1010 2427 1063 2475 bini
1078 2426 1140 2474 idem
1154 2421 1207 2468 colit·

196 2509 262 2559 gunt.
278 2492 393 2543 Medietas
401 2506 456 2540 vero
465 2491 540 2552 prima
549 2492 574 2539 in
584 2487 605 2538 se
613 2490 681 2540 duila
690 2509 759 2540 xxxrr
769 2494 868 2556 colligit.
891 2490 959 2554 quod
976 2489 1069 2538 faciunt
1086 2484 1156 2534 amba
1170 2495 1208 2527 ne·

196 2558 292 2607 dietates
302 2553 469 2606 sibiconfenae.
486 2555 597 2616 Namque
610 2567 691 2662 quater
705 2555 789 2602 oslon't
803 2570 882 2603 xxxn.
897 2556 922 2601 br
938 2554 1014 2602 ostien
1028 2548 1135 2616 quaterni
1149 2557 1205 2614 tarn

197 2618 309 2668 efficiunt.
342 2633 412 2683 atque
427 2617 460 2675 ita
475 2617 584 2662 naturalis
598 2617 640 2662 ila
656 2618 732 2663 unitas
746 2617 897 2679 congruentia
915 2612 1077 2663 reservatur,
1093 2611 1148 2669 dum
1158 2605 1207 2674 idem

194 2678 248 2729 sunt
264 2694 366 2729 extrema
382 2678 448 2743 quod
460 2680 485 2726 bc
500 2675 591 2739 fidia,
607 2677 762 2740 mediumque
781 2679 806 2724 in
822 2675 843 2725 se
858 2629 948 2726 versum
962 2687 1127 2723 extremorum
1141 2666 1208 2716 efficiat

195 2745 360 2806 quantitatem.
376 2741 455 2808 Qrd?
470 2735 600 2803 quoditem
610 2753 744 2788 notarenos
753 2742 880 2794 convenit,
895 2738 924 2786 ad
938 2735 1124 2801 perspiciendam
1138 2742 1207 2779 nurne-

195 2807 345 2854 rorumintet
353 2801 375 2852 se
382 2806 508 2852 caritatem.
523 2804 554 2848 Vt
568 2800 633 2848 enim
648 2803 724 2863 prima
739 2802 851 2851 medietas
864 2817 918 2848 cum
934 2812 1044 2849 extrema
1052 2797 1144 2845 summa
1151 2792 1209 2839 colle·

197 2867 307 2916 slaxurr
317 2865 401 2923 efficit3
416 2866 448 2912 ita
462 2860 561 2911 secunda
573 2860 686 2911 medietas
698 2862 742 2910 sibi
756 2866 882 2926 complexa
895 2877 965 2926 atque
979 2864 1007 2909 in
1022 2860 1097 2910 semet
1111 2853 1206 2922 adducit,

171 2928 173 2933 ’
196 2928 333 2984 eamdem,
357 2942 429 2992 quam
445 2924 521 2974 modo
538 2922 626 2986 posui,
650 2923 743 2973 exbibet
760 2927 924 2989 quantltatem.
959 2924 1016 2971 Hac
1033 2926 1058 2970 in
1075 2918 1208 2982 Arithmcttoe

196 2989 319 3054 disciplina
327 2989 465 3052 Propottm,
482 2991 561 3036 Graece
570 2989 687 3051 Analogia
696 2985 810 3037 censetur:
825 3002 875 3052 qua
888 2987 935 3049 pari
949 2996 1127 3033 crementorum
1142 2974 1208 3025 ordint

196 3050 227 3101 src
241 3051 384 3116 progreditur
398 3086 405 3106 ,
428 3063 454 3098 ut
468 3050 553 3097 mediis
569 3062 688 3101 extrema,
720 3052 826 3115 timaque
838 3051 980 3110 conjungat,
997 3046 1116 3108 faciatque
1127 3039 1207 3105 erden)

145 3129 149 3137 ’
195 3128 248 3177 qua
256 3114 347 3164 fuerant
355 3127 435 3163 natura
443 3109 545 3160 discreta.
570 3119 647 3175 Qram
662 3065 765 3161 insonis
799 3127 878 3176 noque
890 3109 1016 3158 cultillum
1033 3106 1170 3154 circulorum
1182 3097 1209 3144 dt

196 3177 283 3225 vinitus
300 3172 343 3224 esse
356 3174 481 3229 servatam,
499 3173 632 3223 douiffime
648 3176 742 3224 Tullius
756 3127 802 3236 ipllr
815 3170 985 3224 commendat,
1002 3170 1085 3218 dicens
1099 3184 1104 3213 ε
1128 3167 1169 3236 ,qm
1183 3176 1210 3204 n·

197 3242 298 3285 teruallis
312 3240 432 3300 dupundius
447 3239 580 3303 imparibus,
592 3237 631 3295 sed
645 3250 716 3283 tantm
728 3252 765 3303 pro
780 3250 828 3283 rata
835 3250 895 3302 parre
905 3236 987 3279 unione
997 3232 1103 3297 drspnfitn
1112 3220 1210 3298 ‚pmprist

197 3317 269 3347 eorum
285 3303 366 3347 orbium
380 3299 476 3362 efficitur.
500 3299 593 3347 Hacest
602 3297 668 3345 enim
678 3303 757 3348 Graece
766 3300 895 3360 Analogia,
911 3311 962 3359 quac
975 3306 1111 3356 numquam
1125 3304 1147 3336 ιιι
1162 3286 1210 3333 duo⁴

197 3356 242 3410 bus
251 3360 393 3418 ostenditur,
410 3359 446 3410 sed
460 3359 548 3412 tribus,
563 3364 587 3409 δι
604 3360 726 3423 deinceps3
740 3375 766 3410 ut
783 3361 823 3408 fiat
838 3369 959 3421 quotquot
975 3357 1026 3413 ejus
1043 3356 1075 3403 eil
1090 3360 1209 3418 proprium:

199 3428 323 3488 Quantum
341 3423 387 3472 hoc
401 3424 429 3472 ad
446 3420 521 3477 illud,
536 3434 628 3470 tantum
652 3421 726 3485 [hoc]
746 3421 847 3471 illudad
863 3422 915 3469 hoc.
950 3421 1015 3465 Nam
1033 3415 1122 3463 utdue
1137 3422 1210 3473 puna·

217 3499 299 3533 uatuor
314 3484 381 3547 dupli
394 3487 484 3534 ratione
499 3481 524 3532 su
539 3497 617 3540 crant3
634 3482 664 3532 stc
672 3484 759 3532 eodem
769 3485 842 3547 duplo
850 3486 972 3531 vincuntur
980 3478 1010 3526 ab
1020 3479 1094 3543 osio}
1109 3468 1211 3532 rursusque

197 3498 297 3596 sedecim
307 3547 380 3610 duplo
389 3545 493 3611 superant
501 3498 648 3594 odenatum
658 3541 784 3594 summam.
800 3551 853 3593 Hoc
866 3546 934 3607 igitur
943 3544 968 3588 in
979 3538 1070 3588 sonoro
1079 3540 1158 3584 lcrvan
1166 3537 1210 3602 llu-

197 3607 244 3658 fico
256 3612 280 3657 δι
288 3606 380 3658 scientia
389 3608 521 3671 profitetur,
542 3620 568 3655 ut
583 3605 612 3655 src
623 3607 715 3656 diversis
726 3622 866 3671 temperetur
879 3603 976 3655 vocibus
992 3603 1111 3651 cantilena
1121 3633 1127 3652 ‚
1137 3606 1165 3644 ιιι
1176 3587 1212 3639 rusa

199 3667 240 3718 fiat
248 3683 296 3721 rata
302 3669 433 3734 diversitas,
448 3674 629 3727 &concentum
644 3669 763 3732 perficiat,
777 3668 891 3738 quicquid
905 3662 1024 3719 absonum
1037 3676 1120 3717 canere
1134 3657 1181 3710 vide
1203 3678 1212 3688 ·

200 3745 246 3787 tur·
1161 3781 1213 3831 Nm
