2490 4500
312 208 478 283 Favouu
501 205 663 282 Eurosrr
691 228 732 281 ru
757 206 843 282 Cic.
870 208 940 286 &o
1075 232 1149 312 439

116 329 181 379 reri.
200 329 247 380 Sed
255 345 368 382 numerus
379 332 536 404 estquautitas
551 329 732 396 congregabilis,
750 347 763 379 a
781 331 874 381 duobus
886 332 983 382 initium
997 328 1103 387 sumens,
1119 341 1145 388 dr

115 392 142 439 in
158 392 282 441 denariam
290 394 502 444 metamcrelcendi
516 391 643 442 acceffione
656 395 797 456 perveniens.
821 398 886 443 Nam
897 396 1026 443 monadem
1040 413 1090 446 nou
1099 414 1145 447 nu-

115 468 230 510 merum,
248 455 287 504 sed
304 453 384 504 semen
394 459 420 505 δι
435 453 583 504 substantiam
598 470 753 504 numerorum
771 451 828 512 etse,
843 456 1009 515 manifestum
1025 462 1049 508 ὅ(
1059 476 1086 508 ex
1100 461 1144 509 illa

114 511 181 578 supra
190 516 266 579 posita
275 517 417 567 definitione
424 516 547 580 perficitur.
568 521 620 566 Nee
627 519 692 566 enim
708 533 784 565 unum
793 532 819 565 ac
827 517 940 581 singulare
947 519 1069 583 quoddam
1081 538 1141 571 con-

115 577 243 642 gregabilia
250 581 367 644 quantitas
376 580 526 644 intelligitura
541 594 584 629 uec
595 595 634 642 par
643 593 682 628 aut
690 580 765 641 impar
773 578 853 627 haberi
864 582 952 642 potest,
967 597 1018 646 que
1035 580 1087 631 sunt
1099 599 1140 648 ge.

115 653 174 688 uera
183 656 348 699 numerorum.
364 647 426 750 Ergo
438 642 533 690 initium
550 655 648 698 monas3
664 655 775 689 numerus
788 640 875 705 dyas&
892 644 962 693 trias,
978 646 1094 710 ceterique
1109 649 1142 695 ita

114 702 204 766 reliqui
217 703 375 752 vorabunturt

112 776 215 827 quantes
223 766 317 814 numeri
323 767 413 815 valeant
423 767 449 813 in
457 778 544 813 natura

147 831 238 889 Morus
254 826 397 892 singularitas
410 825 553 883 insecabilis,
576 822 686 879 indivisa,
711 824 773 882 sola,
793 842 845 875 nou
860 843 888 875 ex
904 827 1006 890 parribus
1017 832 1141 882 constante

113 901 172 935 eum
180 886 209 937 fit
219 888 285 938 aliud
296 904 386 945 unum,
400 890 465 938 aliud
473 905 550 938 unum
563 886 649 937 solum.
682 894 763 938 Vnum
772 888 872 937 dicimus
885 891 1018 947 mundum,
1035 890 1073 941 sed
1087 912 1139 945 nou

114 964 193 997 unum
209 947 300 999 solum:
322 953 378 1016 quia
391 949 467 1001 confir
481 967 509 1001 ex
525 950 632 1014 partibus.
665 967 740 1000 unum
755 952 869 1014 populum
881 966 908 998 tx
922 952 1025 1014 pluribus
1040 955 1136 1005 civibus.

115 1012 245 1060 uertitum
259 1028 288 1061 er
304 1015 386 1061 multis
402 1012 519 1062 militibus
533 1029 624 1062 unum:
648 1014 789 1076 nullumque
804 1028 900 1073 corpus,
920 1029 996 1062 unum
1011 1012 1138 1081 solumque

113 1086 206 1137 eorpus.
220 1089 297 1123 unum
307 1072 385 1124 solum
394 1075 455 1123 redte
464 1075 564 1131 dicetur,
579 1075 646 1138 quod
659 1077 684 1122 in
697 1088 771 1138 partes
782 1071 816 1122 sui
828 1073 942 1124 divisione
959 1073 1065 1124 discedat.
1093 1087 1137 1131 At.

112 1148 162 1197 que
178 1151 257 1184 unum
273 1138 383 1185 animum
400 1153 451 1185 non
468 1139 566 1185 minutis
581 1141 606 1187 δι
620 1137 759 1187 coeuntibus
771 1135 919 1199 portioanus
937 1138 962 1184 in
978 1135 1011 1185 sui
1026 1137 1137 1190 habitum

113 1193 341 1260 effecompofimm,
356 1196 394 1247 sed
409 1199 508 1248 naturali
522 1197 847 1262 fimplicitatesubfistentem‚
863 1214 914 1246 non
928 1214 1021 1256 unum,
1044 1200 1083 1249 sed
1099 1201 1137 1251 so·

111 1256 166 1306 lum
175 1273 274 1325 quoque
285 1261 449 1321 nominamus.
468 1263 598 1325 ·Quamvis
610 1264 668 1309 circa
680 1275 777 1324 corpora
789 1258 929 1309 divisibilem
942 1262 1009 1309 Plato
1024 1264 1135 1317 testatur,

111 1332 199 1429 petrem
205 1333 286 1371 tamen
294 1337 369 1372 unum
379 1321 530 1386 eundemque
536 1320 662 1388 cognoscit.
696 1321 889 1390 Qricquide'nim
903 1320 1137 1389 numerossprogrcs-

130 1396 180 1431 oue
194 1398 245 1431 nou
262 1385 335 1446 perit,
355 1382 467 1449 singulare
483 1398 564 1433 natura
578 1385 618 1433 est.
651 1390 716 1432 Vnus
731 1386 884 1447 igiturDeus,
899 1384 940 1432 ersi
947 1384 992 1433 sint
1003 1388 1132 1445 ejusinnu-

112 1458 184 1492 merae
192 1442 315 1508 divisaque
322 1448 428 1503 virtutes,
442 1444 496 1496 seru
503 1462 542 1510 per
553 1444 644 1495 fabulas
659 1443 842 1510 nominibusque
851 1444 956 1496 discrete.
990 1452 1024 1497 Ac
1040 1464 1091 1497 non
1103 1450 1135 1500 stc

111 1506 218 1556 muudus
234 1522 308 1566 unus3
321 1509 385 1569 eujus
399 1521 439 1557 aut
452 1509 503 1558 duae
516 1505 663 1619 suntdparteu
676 1513 746 1557 Mens
757 1509 885 1557 &Materia
892 1529 900 1567 3
914 1522 1015 1558 autveto
1023 1525 1136 1575 quattuor

111 1569 246 1624 elementa,
263 1571 395 1618 momentis
406 1572 557 1634 potentiaque
585 1571 682 1619 istantia.
697 1570 760 1619 Illud
776 1572 845 1633 igitur
853 1586 965 1620 numerus
970 1591 977 1627 3
992 1573 1050 1629 hoc,
1065 1574 1132 1638 quod

109 1627 260 1680 numerabile
276 1632 322 1687 est,
346 1632 406 1680 redit
419 1632 514 1680 dicetur.
547 1635 591 1681 llle
604 1634 766 1697 contpledlitur
782 1631 901 1689 universa,
923 1646 949 1682 ut
965 1636 990 1680 iu
1006 1650 1035 1682 eo
1053 1634 1133 1689 divina
1160 1664 1165 1671 ·

110 1692 185 1741 mam
199 1706 359 1742 numerentur.
393 1698 446 1742 Hoc
459 1708 537 1742 aurern
546 1694 628 1743 accidit
640 1710 754 1751 numero,
768 1710 795 1743 ae
807 1692 905 1755 subjacet
913 1694 1132 1746 numerabilc.'Est-

109 1767 158 1816 que
166 1770 292 1811 numerus,
306 1768 333 1805 ur
346 1759 485 1804 Xenocrates
499 1752 599 1811 censuit,
613 1758 707 1804 animus
719 1772 744 1802 ac
759 1761 831 1803 Deus.
864 1760 921 1802 Non
938 1758 1003 1802 enim
1020 1757 1085 1804 aliud
1098 1759 1133 1808 est

107 1829 184 1925 quam
193 1818 259 1880 quod
268 1818 291 1865 ei
306 1814 391 1866 subest:
407 1814 445 1864 sed
453 1818 512 1865 illud
527 1815 601 1880 ipsum
610 1817 677 1881 quod
685 1816 717 1864 est
726 1831 802 1863 unum
817 1830 843 1863 ae
853 1815 966 1879 lingulare
982 1830 1133 1867 tantummo-

126 1892 158 1933 ο,
172 1879 238 1942 quod
247 1879 392 1928 auteomnia
405 1879 431 1925 in
447 1877 575 1929 omuibus,
591 1881 615 1927 ἃ
624 1878 674 1942 post
683 1879 774 1926 omnia.
808 1882 929 1939 Quantam
943 1878 1009 1925 enim
1018 1880 1134 1930 veliscol-

105 1939 166 2001 ligas
175 1941 345 2004 quantitatem,
360 1940 454 1988 ducetur
463 1939 492 1987 ab
499 1956 565 1995 uno,
580 1952 668 1988 teretur
684 1939 713 1987 ab
726 1955 791 1994 uno,
805 1937 940 2002 desinetque
954 1940 980 1986 in
996 1955 1081 1989 unum.
1104 1958 1131 1991 ae

106 2000 259 2063 pereuntibus
266 2002 319 2051 aliis
326 2002 410 2067 quaid
418 2004 518 2065 recipere
525 1997 631 2065 possunt,
645 2000 796 2049 immutabile
805 1996 934 2063 perseverat.

137 2067 204 2126 Dyas
212 2079 279 2118 vero,
295 2059 569 2126 utTlreologiaffcrunt,
585 2061 697 2111 secundus
710 2063 741 2110 est
750 2075 838 2110 motus.
871 2064 963 2111 Primus
970 2054 1036 2111 endu
1048 2078 1130 2115 motus

104 2126 132 2174 in
142 2126 251 2174 monade
258 2125 346 2175 stabilis
355 2124 526 2180 &conlistens,
541 2126 566 2172 in
582 2125 596 2172 d
613 2125 681 2173 adem
690 2125 752 2172 velut
763 2122 963 2190 forasegrediturr
978 2128 1131 2200 primumque

103 2186 257 2237 connubium
266 2189 343 2236 Podrae
360 2184 465 2236 fabulose
474 2187 581 2234 dixerunt
597 2142 681 2235 lorons
689 2190 713 2234 or
723 2178 847 2248 conjugis,¹
859 2185 925 2250 quod
939 2186 1045 2239 videlicet
1059 2205 1130 2238 umus

103 2251 198 2313 generis
214 2264 315 2298 numero
329 2252 430 2298 coeunte
445 2250 571 2311 copuletur.
587 2252 612 2297 &
626 2253 745 2296 lunonem
754 2260 851 2300 vocant,
867 2249 909 2296 uni
924 2246 1014 2297 scilicet
1026 2251 1078 2299 lovi
1092 2267 1131 2301 ac-

103 2311 178 2361 eell‘ro
194 2309 272 2376 [fort.
281 2314 392 2373 acceffiane
400 2312 436 2358 vel
446 2308 543 2374 accrffu]
560 2312 652 2358 alterius
663 2311 823 2358 inhaerentem.
839 2307 877 2357 Ab
886 2310 1041 2360 hocnumero
1055 2329 1128 2363 mun·

103 2371 263 2436 dusapparuit
271 2388 388 2422 menteac
401 2376 496 2420 materis
511 2372 581 2437 (qua
591 2372 759 2421 Graecedieitur
775 2368 832 2434 ian)
847 2373 995 2422 construetus.
1027 2373 1065 2423 Ab
1081 2376 1130 2427 hoc

103 2434 193 2495 iustitia
200 2436 311 2499 naturalis
318 2437 388 2484 virtus
396 2433 478 2482 librata
487 2436 586 2495 partium
600 2435 728 2498 aequalitate
742 2432 833 2481 diluxit.
867 2438 979 2508 Namque
994 2434 1078 2486 divisus
1088 2438 1128 2487 hie

103 2512 170 2545 nunc
186 2512 310 2548 numerus,
325 2498 381 2562 quia
392 2497 455 2560 prior
469 2495 543 2543 dividi
551 2497 639 2558 potest,
655 2495 738 2559 aquali
751 2491 854 2544 sestione
865 2494 973 2554 discedit,
987 2512 1031 2545 nec
1044 2511 1126 2549 tamen

103 2558 183 2607 adbuc
197 2572 262 2607 totus
277 2559 324 2614 eil,
339 2561 395 2623 quia
409 2558 505 2607 initium
518 2557 642 2621 finemque
655 2557 813 2612 demonstrat,
835 2557 916 2609 medio
932 2559 1002 2606 nullo
1010 2556 1126 2609 censetur.

103 2618 238 2685 diciturque
245 2619 378 2672 femineus,
393 2620 449 2683 quia
458 2620 551 2678 iundlus
559 2621 625 2667 alteri
632 2620 693 2681 pari,
723 2633 785 2666 arem
795 2630 855 2666 creat
866 2634 894 2666 ex
909 2615 962 2666 sese.
976 2620 1042 2681 quod
1059 2623 1084 2668 in
1093 2636 1124 2670 co

122 2683 148 2730 ui
159 2678 278 2746 sequitur,
294 2698 345 2731 non
359 2681 433 2743 potest
443 2682 550 2729 inveniri.
583 2683 621 2729 Bis
635 2683 700 2728 enim
708 2633 762 2727 bini
770 2678 797 2728 fir
806 2680 936 2744 quadratus.
957 2681 1062 2730 Bisrerni
1071 2698 1124 2731 non

100 2695 160 2792 pacit
170 2744 303 2805 imparem,
318 2743 374 2792 sicut
389 2744 430 2790 ille
447 2741 559 2804 superior,
574 2743 640 2806 quod
655 2740 787 2804 capacibus
800 2755 852 2803 par,
867 2758 895 2790 ex
909 2741 1034 2804 imparibus
1047 2745 1123 2808 impar

101 2802 209 2854 ellenon
220 2807 312 2868 poterit.
334 2806 424 2859 ·Trias,
438 2806 527 2866 primus
538 2804 571 2852 est
585 2817 649 2852 totus
663 2803 729 2868 quod
745 2801 827 2857 habet,
843 2805 867 2851 δι
883 2803 1010 2861 dimidius,
1025 2805 1120 2870 estque,

99 2878 129 2916 ur
136 2864 419 2977 ffmsr’fimstunnus'
433 2865 500 2931 quod
513 2865 634 2928 adjunctus
651 2867 717 2915 alteri
735 2865 833 2928 impari,
856 2880 931 2914 creare
944 2880 995 2914 non
1012 2869 1085 2916 valeat
1097 2868 1124 2919 id

120 2944 136 2977 u
186 2944 194 2975 1
220 2945 233 2977 e
262 2942 280 2977 t.

100 2943 120 2994 q
135 2944 243 3039 Muribus
257 2990 346 3039 abhoc
360 3004 461 3038 numero
475 3004 567 3037 nomen
581 2990 674 3052 aceepit.
691 2992 803 3053 Namque
816 3004 845 3037 eir
854 2987 948 3037 duobus
956 2987 1030 3037 fastus
1038 2990 1064 3037 in
1075 3004 1122 3039 ter-

100 3052 233 3117 uumquid
241 3067 314 3115 genus
321 3053 415 3100 evaluit.
448 3055 507 3099 Non
516 3053 581 3099 enim
590 3055 819 3100 autrnenstantum,
833 3063 872 3098 aut
886 3047 935 3098 sola
948 3052 1060 3102 Materia,
1083 3051 1122 3100 scd

100 3114 272 3178 utrumqueest
284 3115 380 3162 tertium
390 3113 448 3176 quid
463 3114 561 3161 illorum
578 3113 744 3161 commistione
760 3110 930 3174 compofitum:
946 3112 1046 3175 Trinque
1059 3125 1124 3160 tem.

99 3190 211 3240 porapro
219 3173 252 3223 sui
260 3188 340 3224 uanua
348 3173 441 3224 sortitus
452 3174 493 3230 est,
505 3175 660 3236 praeteritum,
675 3170 783 3235 praesens,
797 3171 917 3227 futurum,
931 3173 1004 3220 triade
1014 3174 1122 3223 videlieet

100 3249 223 3299 operante.
235 3235 366 3300 Fatalisque
373 3234 490 3285 necessitas
504 3238 530 3284 in
544 3251 574 3284 eo
583 3233 739 3289 numerocst,
754 3234 861 3289 Clotho,
877 3232 996 3289 Lachesis,
1012 3240 1122 3293 Atropos.

99 3299 160 3347 Tria
170 3312 248 3347 rerum
262 3313 361 3362 genera,
376 3294 549 3350 masculinum,
563 3297 729 3346 Feminiuum,
746 3299 869 3344 Neutrum.
885 3297 940 3344 Tria
948 3311 1033 3343 vocum
1043 3297 1123 3347 discri-

100 3361 185 3414 mina,
200 3372 311 3419 acutum,
329 3375 408 3424 grave,
431 3363 456 3408 δι
469 3359 593 3408 inflexum.
626 3360 680 3406 Tria
691 3372 775 3422 genera
784 3358 928 3413 litterarum,
943 3358 1057 3414 Vocales,
1081 3364 1122 3406 Sc-

99 3422 246 3473 mivocales‚
262 3426 341 3470 Muta.
362 3420 447 3469 Tribus
462 3423 531 3470 lineis
539 3421 611 3486 figura
618 3420 693 3483 prima
704 3420 870 3482 componitur,
884 3434 936 3484 qua
949 3421 1062 3480 trigonon
1078 3439 1125 3470 no-

99 3485 216 3533 minatur.
236 3485 425 3546 Triacorporum
440 3485 561 3531 intervalla
575 3482 720 3533 monstrant,
742 3480 885 3546 longitudo,
907 3481 1022 3539 latitudo,
1043 3485 1124 3532 altitu-

100 3544 150 3599 do,
165 3543 252 3609 quibus
265 3560 339 3593 omne
353 3542 455 3593 solidum
469 3546 609 3592 eontinetur.

136 3614 245 3674 Quarum
258 3603 357 3655 secunda
372 3608 463 3669 generis
475 3607 569 3654 alterius
582 3603 722 3668 plenitudo,
743 3604 793 3653 duo
810 3604 890 3654 media
904 3621 947 3668 pro
961 3603 994 3653 sui
1012 3608 1128 3671 qtsnliraro

103 3669 283 3733 completurus:
296 3667 433 3736 primusque
444 3666 609 3733 quadratusest
616 3681 736 3719 numerus
770 3666 916 3736 Qadratum
924 3669 1076 3721 Arirbutesici
1087 3687 1132 3715 vo·

705 3744 720 3781 θ
727 3743 741 3780 C
753 3742 771 3787 4
940 3748 942 3753 ’
1063 3744 1130 3781 caut:

408 705 535 768 renitetque
548 702 665 760 dicemus,
680 703 739 768 quid
754 717 853 758 monas,
870 704 927 768 quid
943 705 1012 767 dyas,
1032 709 1092 771 quid
1107 707 1143 757 se.
1224 764 1230 775 ι
