2490 4500
127 321 159 359 an
177 301 411 360 conmutationem
432 301 549 377 logices,
569 320 651 375 qnam
670 316 762 358 contra
783 317 905 358 naturam
927 298 1011 375 ipsam
1034 316 1115 375 negat

121 382 204 443 ontuia,
225 398 284 456 qna:
305 397 333 433 re
353 378 473 434 accidunt
486 381 593 457 generi,
615 376 729 449 ejusdem
750 380 866 453 partibus
880 378 1007 435 accidere.
1031 380 1113 453 igitur

118 455 220 513 ostendat
233 454 304 511 mihi
319 454 419 518 velim,
439 474 497 531 quae
512 455 617 530 spiritus
629 455 753 510 animalis
766 457 880 509 inventri
894 473 1064 531 queat,qnae,
1082 468 1111 506 ut

116 534 200 589 animal
211 534 266 603 ejus
281 549 383 605 genus,
405 549 457 585 non
476 530 505 586 tit
525 530 667 587 substantia
679 533 799 586 animata
812 550 872 586 cum
895 528 979 586 sensu.
1001 525 1110 607 quodsi

115 626 152 663 uec
162 626 229 670 arte,
252 626 302 663 nec
315 605 441 661 natutaid
452 604 535 682 potest
550 605 622 669 fieri,
643 627 688 662 eur
704 605 721 664 sr
735 606 859 661 decorum
875 605 959 682 ipsum
976 605 1113 663 universa·

112 681 227 739 lesatetur
239 703 301 740 cum
319 686 415 737 virtute
428 680 567 738 confusum
582 681 644 745 csse,
666 702 694 738 nt
709 703 734 737 re
748 681 861 755 separari
874 702 927 737 non
940 680 1026 755 possit?
1049 699 1108 755 quae

111 778 163 815 tero
173 779 231 833 pars
243 755 283 815 cst
293 759 400 820 decori,
422 776 507 814 cama
523 761 616 831 virtute
634 779 660 814 re
680 758 735 834 ipsa
754 758 902 833 disjungere
924 770 1051 815 conatur?
1074 776 1108 815 an

109 836 277 897 iddecorum,
299 833 371 908 quod
385 832 422 889 est
435 854 494 890 cnm
509 831 607 906 justitia
620 836 810 905 conjunc‘inm,
834 834 993 908 separabitur
1008 855 1022 889 a
1037 832 1111 903 insti·

109 912 155 969 tia?
176 914 294 966 minime
306 910 431 986 quidem,
452 930 516 966 nam
532 911 608 966 fimul
626 916 710 966 oritur
727 928 887 986 utrumque,
909 917 934 964 δι
952 906 1110 966 fimulocci-

108 984 154 1048 dit,
173 989 299 1061 quamvis
312 987 414 1041 ratione
427 984 477 1041 fior
496 984 607 1042 diversa.
627 986 692 1061 quid
713 985 751 1041 est
772 987 853 1062 igitur
873 1005 918 1041 cur
938 982 1108 1044 definitiones

106 1064 245 1119 Stoicorum
268 1063 418 1137 improbet?
439 1064 484 1137 qui
500 1081 581 1137 genus
594 1063 683 1119 o'ecori
694 1060 742 1119 ess'e
754 1058 867 1123 finiunt,
889 1060 1109 1136 quodcnnsenta·

107 1156 177 1195 utum
192 1138 223 1193 stt
235 1138 357 1194 hominis
369 1138 529 1193 excellentiae
544 1141 570 1193 in
582 1158 624 1202 eo,
633 1141 660 1192 in
674 1158 728 1214 quo
740 1157 832 1193 natura
846 1140 901 1204 ejus
913 1138 1109 1211 areliquisani·

107 1216 232 1271 mantibus
241 1210 342 1272 differt.
362 1207 452 1269 differt
465 1232 551 1270 antem
564 1218 677 1270 ratione.
700 1213 818 1270 hominis
828 1232 892 1290 ergo
904 1213 1056 1269 excellentia
1069 1210 1107 1271 est

108 1290 156 1365 ipsu
168 1296 246 1348 ratio.
267 1310 293 1346 at
308 1289 372 1365 quid
386 1287 470 1364 potest
481 1310 541 1345 tum
557 1292 659 1346 ratione
672 1288 745 1351 fieri,
766 1288 838 1365 qnod
852 1289 1017 1347 abhorreata
1031 1311 1109 1348 natu-

107 1378 147 1423 ra?
164 1369 253 1423 rursus
262 1366 395 1439 secandum
408 1380 528 1420 natur-am
539 1364 584 1439 effi
595 1368 663 1422 nr'srrl
672 1366 765 1441 potest,
789 1385 816 1422 ut
835 1365 906 1420 idem
927 1368 964 1420 ait
983 1367 1012 1423 in
1025 1367 1107 1424 Tusc.

107 1446 212 1519 pnrdfit
225 1458 381 1517 repugnante
394 1446 505 1498 ratione.
527 1460 607 1516 qnare
625 1462 684 1517 pars
700 1444 787 1498 decori
801 1441 873 1517 quod
890 1444 926 1497 ita
942 1436 989 1497 esse
1008 1462 1109 1505 naturae

108 1518 303 1576 consentaneum
318 1515 425 1579 definit,
447 1535 474 1572 ut
488 1519 514 1573 in
528 1537 561 1573 eo
574 1520 778 1581 moderatio„&
795 1520 970 1593 temperantia
983 1538 1043 1577 cnm
1054 1520 1111 1597 spe·

106 1596 262 1671 nequedum
276 1593 377 1649 liberali
389 1612 529 1668 appareat,
551 1594 681 1650 nimitum
700 1592 738 1649 est
756 1592 877 1651 hominis
890 1594 1059 1661 excellentia,
1080 1595 1107 1653 id

108 1668 153 1732 est,
172 1673 269 1727 rationi
282 1668 465 1725 consentanea.
485 1667 534 1725 nisi
553 1672 683 1725 aratione
703 1668 835 1726 discutite
848 1674 1051 1743 temperantiam
1066 1672 1108 1729 di-

107 1764 199 1803 eamus.
221 1746 284 1819 pers
300 1750 387 1802 icuum
402 1741 440 1800 est
460 1747 541 1822 igitur
555 1747 581 1799 in
595 1744 678 1820 specie
690 1747 778 1801 decori
797 1743 982 1803 definitionem
1005 1753 1109 1825 generis

108 1825 251 1879 eonvenite.
272 1766 314 1878 tid
328 1821 391 1879 iliud
406 1820 591 1877 forteCaelium
609 1824 776 1885 commorit,
795 1822 867 1895 qnod
890 1824 916 1874 in
931 1840 1002 1896 parte
1020 1824 1108 1880 decori

108 1916 222 1975 appatere
236 1898 307 1955 dixit
328 1898 556 1958 moderationem,
577 1905 602 1955 δι
618 1917 821 1972 temperantiam
845 1908 977 1971 oportere.
997 1899 1042 1954 ubi
1063 1901 1108 1954 ad·

109 1975 252 2031 terrendum
269 1964 324 2036 e'st,
347 1972 389 2028 hic
402 1973 434 2028 de
455 1968 504 2030 hac
524 1972 579 2046 ipsa
592 1974 687 2029 virtute
701 1971 844 2049 disputari,
863 1993 944 2048 quarn
965 1995 1012 2047 pro
1029 1972 1110 2029 disiu-

109 2054 225 2107 tentiain
237 2069 269 2105 ea
285 2046 440 2104 definitione
453 2046 564 2123 positam
580 2049 710 2105 videmur.
733 2050 772 2104 tei
790 2048 893 2111 melius,
914 2050 1022 2123 quando
1041 2052 1111 2105 Stoi·

109 2146 192 2183 torum
206 2125 245 2181 est
260 2146 290 2181 ea
304 2122 441 2188 definitio,
463 2123 596 2179 sciendum
611 2123 648 2179 est
667 2126 793 2199 decorum
815 2128 941 2201 precipue
960 2124 991 2180 aa
1017 2125 1110 2181 morie·

109 2198 186 2267 stum,
207 2210 233 2259 &
248 2220 422 2277 temperatum
441 2201 529 2256 vitum
544 2202 681 2274 pertincte.
721 2220 802 2274 <prate
822 2221 876 2255 nou
897 2200 1032 2257 termulen
1050 2200 1110 2277 post

108 2280 202 2354 inquit,
225 2279 303 2334 nobis
316 2296 403 2332 antem
417 2295 477 2331 eum
492 2295 505 2330 a
521 2296 613 2332 natura
625 2274 797 2338 constantia,
820 2276 1024 2337 moderationis,
1040 2294 1110 2333 tem-

108 2372 238 2429 perannae,
260 2372 344 2428 partes
356 2352 422 2409 data:
439 2350 504 2413 srnt,
527 2372 586 2407 tum
611 2372 642 2407 ue
654 2352 745 2407 eadem
758 2352 1013 2409 natutadneeatnon
1025 2356 1110 2434 negli-

106 2448 176 2507 gete,
196 2428 425 2506 quemadmodum
440 2447 487 2482 not
509 2372 630 2484 adversus
646 2428 770 2483 homines
782 2449 923 2505 geramus,
945 2428 1059 2487 efficitur
1080 2448 1110 2488 ut

106 2506 216 2567 scissuri,
236 2504 309 2580 quod
324 2505 355 2559 ad
371 2522 479 2558 omnem
496 2501 658 2559 honestatem
673 2507 799 2577 pertinet,
822 2505 946 2561 decorum
962 2525 1042 2579 qnam
1059 2507 1110 2563 late

104 2580 185 2639 susum
202 2580 251 2642 fit,
273 2600 287 2636 a
309 2598 412 2655 puteat,
432 2578 531 2642 &hoc,
553 2581 625 2651 (ruod
639 2578 768 2655 spetiarnr
782 2600 808 2635 m
827 2601 882 2637 nno
896 2601 1002 2655 quoque
1013 2599 1109 2654 genere

104 2662 213 2715 nrtutis.
234 2601 337 2718 tursiis,
358 2652 563 2729 sequemurque,
588 2656 694 2728 inquit,
715 2665 740 2711 δι
760 2654 803 2718 iri,
824 2656 896 2730 quod
911 2655 943 2712 ad
962 2655 1108 2713 hominnm

103 2731 250 2793 serietatem
272 2731 523 2792 accommodatum,
545 2730 612 2787 &id
632 2731 703 2806 quod
726 2736 883 2795 vehemens,
903 2738 929 2788 δι
949 2732 1025 2788 forte.
1066 2732 1109 2793 sed

102 2813 222 2867 ntaxima
234 2810 274 2863 vis
285 2807 371 2862 decori
385 2806 412 2861 in
428 2805 475 2863 hac
492 2805 558 2863 inest
572 2806 755 2881 putte,dequa
769 2808 944 2880 disputamus.
962 2828 994 2864 ex
1011 2806 1053 2865 his
1064 2809 1110 2865 dc·

101 2904 190 2945 tutum
207 2884 280 2939 vides
292 2880 485 2957 essequoddarn
504 2902 530 2937 nt
546 2902 628 2958 genus
640 2885 792 2957 pertinent,
813 2882 889 2939 simul
901 2882 933 2939 ad
948 2904 1043 2940 omnes
1056 2888 1110 2940 vir-

101 2979 186 3025 tutes,
201 2969 233 3017 8(
242 2961 298 3031 eius
311 2977 410 3033 partes.
431 2977 542 3033 quarum
560 2958 664 3034 singule
677 2958 709 3013 ad
725 2957 837 3036 nugulas
852 2961 959 3016 virtutes
979 2958 1108 3033 spectant.

100 3054 153 3095 turo
167 3038 239 3095 illius
254 3037 307 3091 vim
321 3034 470 3089 maximam
485 3032 560 3089 inessc
572 3036 600 3088 in
613 3037 802 3108 temperantia,
823 3042 849 3090 δε
866 3035 1065 3101 moderatione,
1082 3044 1108 3095 ὃς

101 3114 157 3173 ideo
166 3133 210 3169 eas
222 3114 251 3167 in
263 3111 359 3186 primis
370 3112 398 3165 in
412 3110 455 3165 illa
469 3107 624 3165 definitione
642 3110 796 3184 completur
807 3107 857 3166 est.
878 3108 921 3166 sed
934 3113 1107 3169 utveniamus

101 3189 243 3266 aliqnando
255 3186 289 3242 ad
300 3183 570 3258 circumscriptionem
586 3187 679 3247 Caelii,
701 3204 758 3260 qnae
774 3205 806 3241 ex
820 3186 899 3247 locis,
926 3189 1107 3262 temporibus,

103 3264 231 3341 personis,
253 3270 280 3319 δι
294 3261 353 3317 aliis
366 3261 506 3317 delenitus
521 3259 639 3325 constat,
655 3260 725 3317 'scire
741 3264 819 3318 velim
835 3282 879 3317 cut
894 3260 936 3318 bic
946 3261 1056 3329 locum,
1082 3271 1110 3325 ὃς

104 3356 344 3417 tempustanquam
358 3335 412 3392 dno
427 3334 494 3398 fine,
514 3343 581 3393 &ea
595 3335 713 3399 diversa,
736 3356 826 3413 ponat.
849 3358 910 3393 cum
932 3339 960 3392 in
982 3336 1032 3395 hoc
1052 3338 1111 3414 ipsc>

105 3414 164 3477 libro
182 3436 215 3473 ex
232 3414 383 3471 Stoicorum
399 3409 556 3469 definitione
570 3416 662 3470 Cicero
681 3414 768 3470 locum
789 3407 836 3468 effe
856 3414 925 3471 dicat
947 3414 1110 3479 actionibus,

106 3493 305 3567 oportunitatem
330 3491 482 3563 temporis,
519 3508 624 3565 tempus
650 3508 738 3545 autem
765 3490 905 3553 aetionis,
944 3509 1109 3563 oportunum

107 3568 208 3631 ιιιιιμίι
229 3570 339 3628 Gracc,
359 3565 439 3621 latine
454 3564 619 3622 occafionem
639 3566 783 3639 appellari?
811 3563 848 3619 est
873 3584 937 3643 crgo
959 3566 1030 3623 locut
1051 3587 1110 3642 pan

109 3642 217 3702 tradam
237 3642 383 3715 temporis,
405 3659 465 3714 pars
478 3660 565 3696 antem
587 3643 613 3695 iu
634 3638 681 3697 suo
693 3660 788 3719 genere
805 3640 905 3713 semper
926 3640 1009 3703 inest,
1027 3664 1110 3697 curun

110 3715 145 3777 ille
162 3716 314 3799 nescitaque
328 3716 422 3777 dunos
440 3719 542 3779 tatione
559 3713 671 3799 separat.
711 3714 753 3775 sed
770 3714 905 3777 rideamus
925 3738 996 3779 nnnc
1014 3719 1112 3778 usiam,

685 3811 703 3871 q
729 3811 738 3864 5
1031 3810 1114 3871 quam
