2490 4500
105 316 174 373 enim
191 311 317 371 medium
329 329 454 379 vocatur,
475 312 525 371 nist
541 314 605 387 quia
618 310 695 389 supra
707 308 732 369 se
744 313 846 372 redium
864 311 959 380 habet,
976 312 1048 374 infra
1063 241 1127 371 vc9ro

109 390 307 469 quod'ptavum
318 410 350 449 ae
361 389 511 467 perversum
522 388 561 449 est
570 402 580 447 ι
588 390 638 447 Sed
650 408 678 447 ut
690 388 792 447 facilius
801 391 856 449 haet
866 393 1002 469 explanari
1033 392 1123 455 offint,

111 468 240 544 triplicem
261 486 350 525 return
369 467 547 534 divifionem,
568 484 597 524 nt
618 487 634 524 a
653 464 819 543 Philosophis
837 470 964 531 traditur,
984 488 998 525 e
1018 490 1033 525 e
1055 468 1123 527 dici-

113 540 185 603 inust
203 546 356 601 Sunteoim
374 562 434 619 quae
454 562 499 620 pet
519 542 544 600 se
563 560 667 601 rantum
688 562 861 619 expetuntur,
884 566 939 601 non
962 546 1066 603 alterius
1084 544 1123 601 rei

94 628 98 633 “
152 622 207 682 tia,
228 638 259 677 ur
272 638 397 684 errrures,
417 622 544 677 &animi
558 620 703 677 benacum
718 619 854 677 honestate
870 624 1026 693 conjuncta:
1042 638 1121 699 atque

167 696 255 753 Reda
265 694 405 758 dicuntur,
425 698 562 772 inquibus
579 692 725 771 persedum
740 694 779 753 est
792 696 926 754 officium.
959 704 1024 756 Sunt
1038 702 1121 757 etiam

111 790 163 849 que
175 791 209 829 ex
246 790 339 829 tuorur
351 772 478 849 quidem,
501 772 614 829 sednon
631 791 676 848 pet
695 771 734 828 se:
753 790 783 828 ut
797 776 921 838 Diviriae,
943 775 1073 839 honores,
1093 782 1122 833 dt

67 898 72 906 .
111 867 197 907 cereta
222 867 326 907 orrunte
337 848 424 911 bont,
437 850 463 905 in
477 848 519 905 hit
532 848 652 905 medium
665 843 861 914 estOffrcium,
875 852 948 923 quod
959 849 1120 909 haecomnia

113 922 323 983 thonestttem
336 924 449 1005 dirigar,
470 944 576 1001 propter
596 942 677 1001 quam
692 924 748 982 haec
759 928 847 1001 expeti
857 926 962 983 debent.
992 930 1120 984 Tertium

112 1018 189 1079 genus
210 996 250 1057 est
262 1019 379 1066 eorum,
400 1020 459 1076 que
478 1001 606 1079 fugienda
625 999 699 1063 sunt,
720 1003 749 1057 in
764 1003 862 1078 quibus
876 1004 977 1059 nullum
993 998 1121 1059 officium

110 1072 269 1152 eiseporeste
290 1096 372 1149 qttam
391 1080 465 1135 enim
484 1081 616 1135 tationem
638 1078 801 1151 probabilem
822 1072 916 1135 afferre
937 1074 1119 1156 quis-potest,

113 1154 179 1226 quod
191 1154 257 1209 vitia
274 1152 394 1228 sequatur
402 1165 417 1217 t,
434 1157 500 1211 Non
512 1153 551 1210 est
565 1157 646 1231 igitur
658 1156 686 1209 in
697 1156 736 1213 eis
745 1148 887 1218 offitium,
908 1175 967 1230 qutt
976 1150 1048 1213 effici
1062 1175 1119 1215 nort

105 1228 212 1287 ¹debent.
244 1232 318 1307 Ergo
328 1232 452 1305 quamvis
468 1229 499 1287 fit
506 1232 600 1307 triplex
615 1248 701 1287 rerum
710 1230 822 1295 divifio,
842 1250 935 1287 tamen
947 1232 1002 1287 duo
1012 1248 1120 1289 rantum

114 1304 166 1363 sunt
179 1300 267 1362 officii
279 1324 393 1383 genera:
411 1310 541 1379 quoniam
554 1309 582 1363 itt
596 1308 672 1363 rebus
681 1308 802 1381 turpibus
815 1308 918 1365 nullum
932 1304 1056 1365 officium
1070 1306 1119 1365 este

79 1414 84 1423 ·
117 1380 259 1439 Ptrftdtum
274 1400 362 1438 aurem
376 1378 500 1439 offrcrum
514 1383 547 1439 ad
560 1402 592 1439 ea
604 1400 708 1439 tanturn
723 1386 851 1459 pertinet,
870 1402 929 1460 quae
940 1404 984 1451 per
997 1382 1121 1441 [eviden-

116 1459 325 1535 tutexpetenda,
344 1476 424 1535 atque
435 1460 497 1517 ideo
512 1461 627 1516 Redtutu
646 1458 760 1516 dieitur:
780 1460 852 1535 quod
871 1480 1009 1535 nunquam
1030 1480 1046 1517 r
1067 1462 1123 1517 vit-

116 1534 263 1611 turremque
276 1532 423 1591 honestatis
443 1534 521 1611 stopo
537 1535 707 1592 dimovetur:
728 1555 783 1611 quo
798 1532 844 1600 fit,
865 1556 894 1592 ur
910 1536 1033 1595 Medium
1055 1532 1122 1593 offr-

114 1610 196 1673 tt'um,
216 1610 291 1687 quod
310 1610 343 1665 ad
365 1610 559 1668 institutionem
575 1613 633 1669 vitae
651 1614 805 1668 communis
825 1612 936 1687 spectat,
958 1632 988 1671 ur
1006 1632 1066 1671 eam
1086 1612 1120 1669 ad

68 1682 70 1687 ’
117 1682 277 1743 honestatem
290 1706 321 1743 tc
332 1683 417 1744 finem
432 1690 565 1745 bonorum
576 1688 689 1765 dirigar,
713 1708 798 1761 neque
810 1690 942 1753 Rectum,
963 1708 1050 1765 neque
1061 1694 1125 1746 Prt-

117 1780 173 1819 turn
184 1760 234 1820 eise
248 1761 338 1840 poffir.
375 1766 511 1840 Quamvis
522 1767 596 1821 euim
611 1763 666 1819 haec
678 1767 745 1820 inter
756 1762 781 1820 se
791 1768 922 1821 contraria
935 1764 1122 1829 srnnReddum

117 1842 278 1895 &Pratumt
301 1855 457 1913 nontamen
472 1843 526 1911 ejus
538 1842 641 1917 generis
655 1838 732 1904 sunt,
754 1858 782 1895 ut
792 1839 901 1897 alterum
918 1840 1019 1917 semper
1039 1836 1123 1897 adeffe

118 1910 206 1971 ntteffe
222 1912 267 1971 sn:
289 1916 363 1978 (ruod
382 1918 410 1971 in
426 1919 463 1972 eis
484 1918 595 1978 accidit,
615 1934 674 1991 que
692 1917 794 1972 nullum
817 1914 914 1972 hubent
931 1917 1073 1974 medium:
1094 1936 1124 1973 ut

115 1988 219 2055 finum,
240 1984 358 2071 regrum:
380 1989 474 2049 nectise
489 1992 528 2049 est
548 2012 640 2053 emm,
662 2010 689 2046 ut
707 2012 790 2047 omne
803 1994 906 2049 animal
917 2010 961 2049 tut
973 1993 1066 2055 {inrum
1080 1993 1122 2058 stt,

117 2084 155 2123 ιιι
169 2086 289 2147 argtum:
316 2074 343 2125 dt
363 2070 459 2125 horum
475 2070 670 2125 contrariorum
691 2068 729 2123 est
746 2088 775 2123 ea
798 2087 905 2129 natura,
933 2088 961 2125 ur
980 2067 1005 2125 se
1028 2088 1123 2125 mutuo

115 2142 209 2213 semper
220 2142 426 2219 consequantur.
454 2164 518 2200 narn
541 2144 558 2200 st
580 2142 692 2200 nonest
713 2145 806 2200 sanum
825 2143 941 2207 animal,
962 2140 1058 2201 neceffe
1073 2143 1122 2208 est,

116 2236 141 2277 rt
156 2218 318 2297 fitaegrutn:
338 2226 364 2277 &
379 2219 397 2277 st
413 2240 467 2277 non
481 2219 519 2277 est
530 2240 648 2299 regrum,
669 2217 764 2277 neeesse
776 2219 830 2284 est,
852 2238 880 2276 ut
893 2218 924 2277 fir
937 2216 1040 2277 sartunr'.
1057 2226 1124 2278 Sunt

116 2296 160 2354 tiit
174 2284 299 2371 quidam
319 2297 426 2355 alterius
442 2301 549 2430 lgeneris
568 2300 718 2360 contraria,
738 2316 797 2371 quat
817 2298 937 2353 medium
959 2298 1122 2363 admittunt,

115 2390 192 2447 utque
202 2368 301 2429 necesse
310 2370 365 2433 est,
386 2394 414 2431 ur
425 2394 441 2430 a
452 2394 535 2430 return
554 2372 656 2447 semper
667 2371 746 2429 adfit:
770 2392 798 2430 ut
811 2375 917 2435 album,
931 2375 1038 2453 nigrum
1050 2412 1059 2437 ‚
1074 2375 1123 2429 bo-

113 2466 189 2513 num,
201 2450 320 2507 malum.
345 2453 442 2526 Neque
456 2453 528 2507 enim
544 2450 676 2527 sequitur,
696 2453 762 2508 Non
776 2448 815 2505 est
829 2452 935 2513 album,
955 2470 1019 2529 ergo
1031 2449 1069 2509 est
1082 2456 1125 2508 ni·

112 2544 201 2605 prum:
214 2524 302 2603 potest
312 2530 386 2582 enim
400 2526 451 2583 effe
464 2527 590 2585 rubrum,
613 2544 658 2581 aut
668 2528 821 2583 taeruleum.
841 2530 873 2581 ln
889 2525 985 2582 horum
1007 2547 1124 2583 nurnero

112 2604 360 2679 portimutRestum
370 2611 395 2659 δι
406 2606 534 2660 Pratum:
555 2602 615 2659 sunt
624 2603 698 2661 enim
712 2622 771 2677 qnae
788 2622 832 2677 per
846 2602 870 2659 se
883 2621 967 2676 neque
978 2606 1048 2659 redet
1063 2603 1124 2666 fior,

110 2696 193 2755 reque
206 2696 304 2753 pravo:
325 2677 396 2736 srcuri
415 2682 536 2751 quedam
554 2698 638 2749 neque
662 2680 747 2742 bona,
769 2680 957 2753 nequemalr:
977 2697 1056 2755 atque
1075 2678 1126 2736 hu·

97 2754 146 2829 ·jus
164 2752 304 2811 sentenrite
317 2775 421 2811 autores
437 2756 521 2811 habeo
537 2756 673 2811 Platonem
688 2760 715 2811 dt
725 2754 913 2819 Aristotelem,
932 2758 976 2830 qni
992 2760 1123 2819 Diuitias,

108 2832 246 2889 literarum
267 2836 404 2905 peritiam,
423 2834 539 2892 bonores,
562 2836 593 2892 dt
609 2846 697 2886 cetera
714 2830 871 2907 hujusmodi,
898 2851 975 2905 neque
993 2838 1020 2887 in
1036 2834 1124 2895 donn,

109 2928 187 2982 neque
200 2912 229 2963 in
242 2908 318 2962 main
327 2909 438 2965 habenda
451 2909 613 2981 existiment,
627 2908 657 2981 fi
669 2922 715 2981 per
732 2910 760 2979 se
770 2909 962 2982 confiderentur.
981 2910 1033 2965 Sed
1039 2910 1124 2982 stprne

107 2986 141 3041 tir
156 2986 218 3039 bene
230 2998 337 3047 nentur,
358 2986 422 3041 bona
430 2986 515 3059 fiunt.-
529 2986 558 3058 ſs
566 3000 673 3043 contra,
692 2986 773 3039 mala.
795 2988 827 3040 ln
844 2984 885 3041 hie
902 2988 984 3061 igitur
999 2984 1122 3053 predium

107 3054 235 3117 offitium
248 3058 365 3121 laborat,
385 3068 411 3117 &
423 3058 564 3117 hominem
587 3058 709 3122 instruit,
730 3078 760 3119 ut
775 3061 808 3117 td
828 3060 1010 3123 honestatem,
1029 3068 1057 3117 δι
1082 3080 1123 3117 te·

105 3138 179 3195 statu
194 3134 302 3191 vivendi
317 3139 448 3193 tationem
469 3136 523 3193 iret
538 3139 649 3201 omnia,
670 3156 728 3212 qut
743 3158 788 3211 pet
803 3135 827 3192 se
845 3157 930 3213 neque
952 3140 1022 3193 bona
1042 3138 1120 3201 sunt,

107 3230 192 3287 neque
213 3212 302 3277 malt,
320 3214 452 3269 traducat:
474 3210 693 3289 hominique'itr
711 3212 881 3278 moderatur,
908 3230 936 3270 ut
957 3212 1024 3270 nihil
1044 3232 1123 3279 nott,

108 3290 181 3359 cuius
192 3288 339 3363 probabilis
357 3292 424 3346 tatio
440 3288 515 3345 reddi
535 3310 590 3346 non
610 3287 697 3366 podir.
737 3293 770 3345 Er
782 3292 911 3364 quoniam
928 3307 968 3345 res
988 3262 1122 3347 ameiioti

106 3382 181 3441 patre
193 3364 297 3438 semper
310 3367 514 3441 appeliationem
530 3364 645 3432 habent,
665 3363 768 3423 fastum
779 3362 834 3427 est,
856 3384 884 3423 ut
899 3365 1020 3439 hecque
1033 3366 1125 3425 Philo·

108 3440 186 3517 sophi
200 3440 325 3505 censent,
336 3462 421 3519 neque
435 3444 463 3497 in
478 3443 570 3504 bonis,
591 3461 676 3519 neque
691 3444 719 3499 in
732 3442 810 3503 malis
821 3441 958 3509 habenda,
976 3461 1066 3501 tamen
1075 3444 1125 3503 bo·

107 3534 143 3577 na
153 3517 196 3579 tel
207 3514 342 3583 fortune,
359 3520 400 3579 rel
412 3520 534 3597 torporis
544 3520 719 3599 appellentur.
