2490 4500
1046 292 1116 386 Ῐ’79

90 436 144 491 em
172 411 379 503 scientiam,
413 410 561 489 divinant
596 415 846 514 intelligentiam
878 422 920 484 'ne
953 413 1111 512 primoria

90 538 142 586 uus
158 511 300 606 quidem
328 520 392 597 (ut
412 512 477 583 dici
505 514 607 602 solet)
632 515 729 585 labris
747 508 950 609 degustatis?
977 514 1111 588 Poterat

90 628 114 682 te
134 609 207 681 sane
226 608 406 682 consensus
434 610 588 682 omniurn
608 612 820 682 cruditorum
841 628 911 680 uno
929 628 988 680 ore
1009 610 1111 683 Cice·

90 727 197 778 sonem
223 704 484 802 approbantium
509 706 551 777 ab
581 705 793 803 improbitate
818 726 907 777 tanta
930 728 1107 779 revocare:
1151 800 1155 805 ,

90 822 211 895 poterat
236 824 270 872 te
288 827 443 874 revocare
471 801 511 874 de
530 802 705 875 Ciceronis
728 798 980 875 eminentislima
1005 803 1110 874 scicn-

90 898 153 980 :ia,
191 897 355 995 singulari
390 898 548 996 judicio,
581 898 767 972 admirabili
807 922 919 970 rerunt
952 901 1109 972 omniunt

90 994 299 1093 arguitione,
333 997 531 1067 confirmata
552 1015 604 1068 tot
621 997 690 1092 jam
719 995 835 1070 seculis
865 996 992 1091 opinio.
1041 995 1108 1068 Sed

90 1090 242 1162 simitum
264 1090 483 1163 immoderata
509 1092 663 1189 quaedam
685 1097 786 1187 arque
808 1090 913 1163 inanis
936 1115 1110 1188 aucupan-

90 1183 128 1259 lae
155 1187 280 1285 gloriae
309 1187 494 1282 cupiditas,
525 1212 602 1284 quae
633 1189 862 1285 saepenumero
898 1186 1108 1284 sapientiores

90 1282 176 1355 :tiam
198 1282 352 1354 homines
381 1283 476 1356 sacile
505 1285 703 1356 transversos
733 1287 840 1382 rapit,
866 1302 964 1355 tuum
989 1283 1108 1382 pestus

90 1376 242 1453 itillavit.
266 1378 434 1453 Credebas
453 1381 543 1454 enirn
568 1380 770 1478 (ut'opinorl
792 1382 970 1469 futurum,
995 1401 1033 1452 ut
1048 1394 1109 1479 per

90 1498 164 1548 sanc
201 1475 416 1573 improbandi
449 1497 516 1549 tarn
556 1477 683 1576 egregii
717 1479 842 1551 autoris
875 1477 1109 1569 occationem,
1180 1499 1184 1507 ·

90 1588 215 1643 tomen
239 1591 339 1644 tuum
370 1565 633 1646 disseminaretur
666 1574 701 1645 in
736 1575 826 1648 orbis
857 1595 952 1649 tetrae
976 1598 1109 1646 mento·

90 1668 161 1740 riam
195 1668 442 1764 sempiternam.
491 1672 624 1745 Verum
655 1668 712 1742 ista
749 1692 807 1744 tua
840 1691 908 1744 tarn
942 1670 1109 1744 effraenata

90 1764 199 1861 gloriar
215 1764 379 1860 cupiditas
394 1787 427 1837 te
450 1766 592 1839 omniuo
609 1764 764 1839 frustrata
779 1768 837 1840 est.
887 1769 980 1839 Natn
999 1765 1109 1863 srquid

90 1860 170 1958 tpud
192 1861 343 1933 eruditos
374 1861 555 1950 homines,
589 1886 667 1958 quae
692 1861 818 1960 semper
839 1863 1024 1960 plurimum
1047 1889 1111 1960 poe

90 1957 168 2046 urit,
194 1958 262 2028 hoc
281 1958 380 2028 etiarn
395 1979 557 2056 tempore
575 1959 693 2031 veritas
715 1960 845 2058 potest,
868 1958 1008 2032 efficiam
1030 1984 1110 2055 pro-

90 2048 174 2125 letto
203 2052 327 2143 bodie,
352 2075 392 2126 ut
417 2079 533 2127 omnes
560 2055 768 2151 intelligant,
795 2077 828 2126 te
859 2056 993 2127 nullum
1015 2053 1112 2151 peni·

90 2164 137 2221 tus
167 2151 202 2222 in
229 2150 267 2221 iis
295 2149 417 2241 rebus,
440 2152 475 2222 in
499 2151 623 2248 quibus
646 2152 850 2224 Ciceronem
873 2151 1025 2240 accusas,
1052 2151 1111 2224 ha·

90 2238 189 2317 buill'e
203 2244 385 2342 judicium.
421 2250 610 2336 Arctum,
634 2246 658 2319 st
681 2247 755 2319 Diis
772 2247 902 2344 placet,
929 2245 1110 2321 Albertuut

90 2341 194 2417 nescio
216 2366 342 2438 quem,
368 2344 480 2415 virum
499 2345 600 2417 credo
625 2343 755 2416 bonum
779 2344 815 2414 δε
832 2344 1027 2435 eruditum,
1048 2344 1111 2420 tibi

90 2458 267 2532 patronum
292 2462 331 2509 ac
358 2435 564 2511 desensorem
595 2465 706 2534 paras:
734 2441 870 2536 perinde
894 2441 984 2538 quast
1002 2438 1112 2607 pellit

90 2535 204 2630 aliquis
221 2534 349 2607 diutius
366 2537 451 2606 tueri
476 2535 674 2623 salsitatem,
696 2561 733 2609 ac
756 2558 825 2607 non
846 2535 911 2635 ipsa
928 2562 988 2635 per
1015 2560 1111 2609 evea

90 2630 163 2702 ritas
179 2631 365 2703 elucescat:
391 2652 448 2703 aut
465 2631 489 2701 st
505 2630 664 2704 rllbertus
681 2631 737 2702 ille
757 2653 835 2704 tuus
856 2631 967 2740 aliqua
989 2632 1123 2729 polleat·

90 2724 303 2816 eruditione,
339 2752 409 2798 non
442 2727 480 2799 stt
514 2753 580 2800 una
609 2751 744 2799 mecum
773 2746 991 2801 temeritatem
1016 2748 1110 2803 tuam
1213 2768 1216 2777 2

90 2818 351 2920 improbaturus.
399 2825 492 2894 Nam
519 2844 646 2921 quanto
671 2822 889 2897 lemmate
912 2822 1040 2898 saelum
1063 2824 1113 2897 es·
1138 2864 1140 2871 ·

91 2917 155 3009 set,
178 2916 203 2990 fi
224 2940 300 3014 quae
324 2916 457 2991 sortall'e
479 2944 549 2993 non
571 2919 802 3017 intelligebas,
832 2941 890 2992 aut
916 2920 957 2992 de
986 2920 1112 3011 quibus

91 3013 201 3109 aliquo
228 3015 332 3086 modo
358 3015 553 3106 dubitabas,
574 3041 611 3087 ea
636 3041 716 3087 cunr
736 3017 967 3088 Ciceronianae
993 3015 1113 3089 Philo·

90 3108 212 3208 sophiae
237 3109 390 3183 studiofis
413 3111 580 3210 aliquibus
604 3112 898 3185 communicasses?
931 3113 1042 3184 Facile
1062 3113 1111 3187 est

92 3204 245 3279 damnare
273 3230 350 3302 quae
380 3231 449 3279 non
483 3207 719 3304 intelligimus:
756 3207 811 3280 scd
840 3209 913 3281 haec
939 3208 1114 3303 imperito-

91 3325 164 3374 rum
190 3303 410 3375 consuetudo.
463 3308 584 3400 Turpe
608 3305 656 3375 est
682 3324 795 3376 autem
824 3303 953 3378 homini
983 3303 1113 3379 literato

92 3400 158 3471 tam
172 3398 270 3471 facile
287 3419 402 3471 contra
414 3402 482 3497 jam
510 3399 664 3471 omnium
687 3400 846 3474 consensu
869 3399 1027 3497 probatos
1050 3427 1113 3474 aua

94 3510 201 3585 tores,
237 3498 273 3567 bc
297 3516 364 3567 tarn
385 3516 508 3568 temere
534 3495 634 3569 verba
658 3496 774 3568 lacere.
823 3497 917 3568 Nam
938 3520 956 3569 e
979 3495 1115 3571 duobus

94 3588 230 3663 alterurn
255 3594 396 3663 omnino
423 3591 548 3663 necess'e
575 3591 644 3680 est,
668 3606 707 3664 ut
733 3612 790 3663 aut
819 3612 956 3665 caeteros
977 3617 1114 3675 omnes,

95 3686 150 3784 qui
162 3687 364 3785 jampridem
382 3686 586 3764 inmanibus
603 3712 701 3786 opera
719 3688 896 3791 Ciceronis
910 3689 1115 3794 habuerunt,

778 3807 859 3858 ma
1052 3805 1118 3855 rtur
