2490 4500
77 314 146 377 rinnr
160 336 213 375 nou
227 314 331 378 facere,
352 310 426 391 quod
446 310 555 369 dixerit.
576 311 716 391 magisque
727 314 789 377 iile,
810 316 851 372 cui
866 313 1025 392 promillum
1040 246 1090 387 iit7,
1129 367 1135 385 ,

77 394 111 451 rb
120 394 209 451 officio
220 390 353 457 discedat,
375 382 593 448 sisedellitutum
606 408 754 465 queratur,
776 390 818 448 scd
833 389 924 468 paffinr
937 394 986 451 tibi
996 415 1090 455 occur-

77 486 129 527 rent
142 466 297 541 hujusmodi
312 466 383 530 loci,
405 469 497 541 nequir
512 467 602 520 credat
618 470 777 530 Zenonem,
799 466 849 523 fite
862 470 1036 528 M.Tulliutn
1050 477 1089 528 tt-

77 546 197 605 rrllonem
214 548 333 623 aliquem
343 536 433 606 fuilse,
452 545 499 617 qui
510 539 579 597 nilril
587 544 615 597 in
628 543 724 599 mediis
735 542 831 601 officiis
842 545 1004 621 relinquant,
1034 548 1089 607 uod

77 620 152 681 itaut
163 621 311 679 lecundum
325 638 468 680 naturam,
488 634 533 674 aut
543 634 646 674 contra.
675 638 767 675 vetum
782 618 907 677 srCeclius
919 641 952 678 ex
964 566 1091 681 conban-

80 702 121 764 ia,
141 706 168 756 &
178 718 225 774 per
244 697 369 757 etuitate,
390 701 417 751 δι
432 714 487 749 non
503 712 537 749 ex
551 691 660 771 iugulis
671 696 780 753 vocibus
790 694 964 773 philosophos
976 698 1091 775 speeies·

77 774 121 840 ee,
142 795 201 831 non
216 718 302 829 diridet
312 774 349 829 ita
362 770 507 845 propensus
518 768 551 825 ad
565 768 717 842 hujusmodi
728 773 886 829 calumnias.
925 777 1006 832 mitto
1018 796 1090 835 nune

77 854 205 923 diustius
223 846 487 916 circumspectiones.
525 849 666 921 numquis
683 846 804 911 dubitet,
826 847 843 903 fi
861 848 948 922 plures
967 870 1090 927 oporteat

77 930 161 985 odem
184 941 310 1001 tempore
328 920 451 983 defendi,
471 940 567 977 omnes
585 920 741 986 defendere,
764 922 895 999 stpoffitl
917 924 956 982 sin
978 930 1089 993 minua,

77 995 1091 1154 ttt⁹zfs¹iis3lds2t¹¹lt⁰m2⁶lt²trtt’dssttttz'tl‘ttdl'i‘rz
1141 1050 1144 1057 '

77 1156 176 1225 licuius
200 1152 302 1223 injuria
313 1151 440 1225 opitulati
459 1169 514 1206 non
530 1148 639 1224 possim,
664 1171 719 1207 non
733 1152 900 1226 opitulabor:
921 1152 1044 1211 officium
1060 1176 1090 1213 e·

77 1236 122 1291 im
139 1246 287 1305 nunquam
304 1227 455 1283 debetcum
475 1226 572 1298 injuria
585 1228 725 1301 coniungi.
747 1247 811 1287 narn
825 1246 854 1283 ut
868 1228 950 1286 dixit.
969 1236 1000 1287 Μ
1020 1233 1090 1289 Tul-

77 1328 131 1373 ius,
145 1310 195 1382 qui
203 1308 268 1361 eliis
281 1316 382 1365 nocent,
403 1317 434 1358 ur
446 1307 473 1357 irr
486 1302 553 1357 alios
560 1303 678 1358 liberales
680 1304 754 1377 ſsnr,
775 1309 804 1360 iu
816 1308 901 1361 erilem
913 1306 976 1378 sune
985 1306 1089 1382 injudi-

77 1388 122 1449 ξι,
142 1382 211 1455 urst
220 1379 332 1455 inseram
347 1390 399 1435 reru
411 1380 522 1435 alienam
536 1394 698 1434 convertant.
721 1379 766 1436 ubi
781 1382 853 1435 vider
864 1399 944 1443 eum,
965 1402 1025 1439 eum
1040 1403 1089 1461 pat

79 1454 114 1519 ise
125 1461 236 1517 crimen
251 1455 326 1511 vellet
340 1452 494 1517 ostendere,
514 1455 542 1509 in
554 1454 646 1509 eadem
663 1454 712 1511 elie
727 1453 855 1527 injustitia
868 1452 977 1522 diriffe,
991 1477 1047 1517 tam
1061 1480 1090 1518 e-

77 1538 125 1595 tim
139 1530 191 1591 erse
205 1535 235 1589 in
248 1534 333 1593 uitio,
353 1538 380 1586 dt
395 1534 422 1587 in
439 1531 552 1611 eodem,
573 1530 719 1605 plurimum
738 1528 843 1607 differt:
865 1549 925 1607 quae
939 1534 958 1592 st
973 1536 1090 1615 diligen-

78 1616 135 1669 ioee
151 1611 258 1667 trutina
269 1607 367 1667 exitus
383 1603 576 1671 examinaber,
597 1626 653 1663 nou
674 1626 731 1666 eam
752 1608 833 1669 dutus
852 1610 890 1669 ilii
906 1614 1001 1670 Cicero
1017 1611 1091 1673 ritis

78 1686 132 1747 ffee.

272 1864 407 1953 Septima
421 1859 504 1925 Caelii
516 1859 697 1955 Cirlc'agnini
704 1857 880 1950 disquiſstio.

141 2034 220 2089 leeto
230 2028 412 2087 liberalitatem
423 2047 483 2084 cum
497 2024 597 2098 justitia
611 2025 762 2083 confundit.
787 2028 895 2086 Habent
909 2030 1026 2088 omnino
1039 2034 1090 2091 ali·

141 2124 228 2184 quam
244 2108 312 2163 inter
324 2102 348 2159 se
362 2106 544 2166 vicinitatem,
558 2102 699 2177 praet'ertim
714 2122 744 2159 ea
758 2122 847 2179 parte,
865 2125 923 2181 qua
937 2109 965 2163 in
976 2128 1020 2164 ero
1041 2129 1090 2165 au.

78 2180 233 2243 inconstat.
254 2180 299 2239 dat
309 2182 383 2237 enim
402 2198 513 2255 utraque
531 2199 579 2253 pro
593 2178 724 2251 dignitate
741 2180 912 2246 benemeriti,
933 2181 977 2242 sed
991 2128 1092 2255 juditia

78 2262 155 2319 multo
168 2258 250 2315 latius
262 2274 397 2336 evagatur.
417 2262 484 2312 Sanc
504 2253 656 2313 Aristoteles
671 2256 800 2330 duplicem
819 2256 923 2325 justitiae
937 2262 1101 2337 proportio·=

78 2356 131 2395 rem
156 2335 274 2393 tribuit:
298 2336 478 2410 geometricam
503 2336 632 2392 alteram,
663 2333 772 2389 alteram
797 2336 1009 2393 mathematicam.
1047 2342 1091 2393 Α.

78 2416 241 2471 drumonem
254 2410 359 2487 uersari
373 2412 401 2464 in
420 2410 590 2465 conuallibus
610 2406 713 2464 scribit:
734 2414 763 2463 in
783 2412 871 2483 quilius
888 2433 970 2469 omnes
981 2414 1093 2471 dominer

78 2498 142 2548 iares
154 2484 202 2563 effe
218 2490 296 2542 decet.
316 2488 496 2543 Geomerricam
510 2504 583 2547 atero,
597 2486 728 2558 unicuique
735 2483 815 2560 ficunt
827 2484 985 2563 dispensare,
1005 2509 1089 2563 quarr-

78 2564 154 2640 'inest
165 2560 285 2639 cujusque
304 2576 390 2637 captus
404 2563 435 2621 ἐν
446 2560 611 2622 exillimnrio.
651 2564 716 2618 Hac
736 2562 851 2637 imperio
872 2582 901 2619 ac
918 2562 1093 2639 magistratue

78 2640 193 2699 iraeclate
209 2638 279 2693 natis
301 2638 416 2715 ingeniis
433 2636 545 2712 prabet,
566 2640 663 2691 caeteris
680 2655 729 2711 pto
743 2638 790 2693 sno
808 2637 920 2695 modulo
936 2646 1091 2697 munera&

78 2710 224 2775 ninisteria
237 2715 358 2789 partitur.
390 2714 530 2785 Proprium
541 2709 579 2768 est
591 2711 768 2775 liberalitatis,
790 2718 929 2787 pecuniam
943 2716 1091 2791 aspernati,

78 2790 183 2867 'amque
201 2790 234 2846 ad
256 2789 359 2865 publica
374 2784 519 2844 bominum
535 2788 682 2845 commoda
701 2792 852 2867 impartiri:
873 2792 974 2849 multos
994 2788 1093 2848 habete

78 2866 115 2925 iro
128 2863 263 2925 beneficio
277 2862 435 2928 obstritlos,
454 2866 555 2920 nemini
569 2866 714 2941 quiequam
728 2867 877 2941 imputate,
897 2886 913 2924 a
929 2870 1038 2923 nemine
1048 2869 1090 2924 ri·

78 2964 126 3001 rem
142 2962 170 2999 te
189 2940 289 2997 oscete.
326 2943 406 2997 Hauc
418 2938 571 3017 Philosophi
582 2943 668 2997 animi
680 2941 861 3019 magnitudini
875 2942 1091 3021 acdespicientiae

79 3038 157 3077 etum
171 2962 355 3075 bumannum
394 3017 589 3079 tuximiorem,
609 3036 692 3093 quam
712 3014 836 3089 justitia,
856 3018 1089 3076 existimaverunt.

79 3090 153 3153 ’oss'ee
173 3094 273 3169 aiiquis
293 3090 362 3149 forta
382 3110 439 3147 eea
457 3094 559 3148 ratione
578 3094 645 3148 tueri
659 3096 830 3157 ciceronem,
849 3095 923 3171 quod
938 3092 1089 3152 issarirtu·

79 3192 104 3231 ee
120 3170 273 3243 eonjunttae
294 3168 368 3232 fine,
389 3186 418 3223 ac
439 3168 476 3222 ita
490 3170 636 3243 proximat,
660 3187 690 3224 ur
707 3187 803 3226 mutuo
818 3170 924 3227 vinculo
937 3187 1088 3227 tencantur.

79 3246 210 3325 ruod'qui
232 3246 350 3309 dixerit,
390 3239 487 3299 incidet
506 3245 534 3298 in
556 3242 712 3300 Menedemi
733 3245 887 3303 Eretrienfis
905 3244 1085 3312 sententiam,

79 3326 114 3437 b'i
133 3342 216 3383 omnes
232 3326 347 3377 uirtutes
368 3338 445 3375 urrant
470 3317 515 3393 effe
532 3324 656 3377 virtulem
675 3323 886 3387 arbitrabatur,
919 3332 1087 3459 ermque-fir·

1055 3418 1088 3459 ue

85 3420 122 3455 ure
140 3398 320 3477 stellionibus
340 3395 446 3467 diuerfis
462 3397 604 3455 numinibus
627 3398 784 3475 appellabat.
826 3398 912 3458 dutor
932 3398 1034 3458 Plutarc

79 3474 195 3547 iulibello
213 3472 363 3571 deullittutc
378 3470 486 3530 morali.
