2490 4500
978 209 1049 287 ²47

80 296 153 339 otum
164 296 266 341 natur:
281 294 313 339 at
325 275 482 357 philosophi
496 276 598 344 solent,
618 278 662 343 sed
674 278 738 353 quid
754 282 873 340 moribus
885 288 912 340 &
921 280 1048 343 instituta

80 360 196 417 tratioui
206 354 334 434 cujusque
345 358 497 413 conveniat.
518 356 689 434 quiquidem
708 357 792 421 locor,
811 356 980 415 veliementer
993 365 1047 413 mi-

80 452 142 497 ,cut
156 433 271 491 Caelium
284 453 341 491 uon
355 428 542 496 admonuerit,
557 452 588 489 ne
600 452 654 489 ram
672 434 761 488 leviter
778 436 936 491 Ciceronem
959 452 1045 510 repre-

80 508 165 567 deret.
189 528 216 567 at
230 529 313 585 quam
331 506 385 583 ipse
399 506 550 567 constanrer
565 510 700 583 improbet
731 514 820 574 o'e'rar,
841 530 901 568 cum
919 510 1046 585 exemplo

80 604 166 643 tarum
181 582 227 643 sua
240 605 307 641 mox
321 578 480 646 confirmet,
499 584 615 657 judicent
628 585 685 642 alii.
707 528 740 640 sse
754 588 826 641 enim
842 587 942 660 inquit.
963 588 1045 667 Egre-

80 663 202 719 rutimus
214 660 427 717 animadvertere
438 658 531 723 deber,
552 660 617 735 quid
638 659 687 719 suae
705 662 821 737 persona
834 661 1044 719 consentaneum

86 736 153 813 quid
172 738 258 797 Caelio
270 756 333 795 curn
347 736 458 793 mimis?
477 737 523 811 qui
544 754 620 791 more
636 744 775 813 poscitum
790 740 905 793 nrirrimc
917 737 1044 795 decorum

80 810 235 871 umseribirl
255 832 311 871 uon
320 815 387 889 quia
399 810 513 869 delectus
522 809 560 869 est
573 809 710 869 habendus
721 812 748 867 in
760 820 863 887 poetis?
884 813 949 891 quid
961 824 969 870 ἓ
992 811 1046 873 hoc

80 889 176 945 melius
186 908 270 965 quam
278 892 388 947 elecem
410 905 437 943 at
450 905 497 945 nec
508 888 574 945 alius
586 885 746 965 quisquam,
769 908 815 944 nte
827 892 833 943 i
839 889 881 962 pse
888 886 1045 945 Caeliushot

80 983 132 1021 eret
143 963 246 1029 dicere,
267 962 287 1023 si
305 964 384 1039 paulo
402 962 557 1041 diligentius
578 982 640 1021 eum
668 964 757 1021 locum
778 963 934 1043 regustnret.
975 964 1044 1023 illud

80 1060 115 1097 :ru
139 1060 183 1095 me
200 1037 286 1097 fateor
304 1059 360 1097 nou
379 1038 543 1115 intelligere,
563 1058 610 1095 eur
624 1034 805 1097 differentiam
822 1042 894 1097 illam
917 1034 1043 1111 institiae,

80 1136 104 1173 te
115 1116 279 1175 veremudiz
291 1134 336 1175 aur
349 1114 383 1173 ad
395 1117 487 1173 miuus
497 1114 622 1173 idoneam
639 1115 798 1189 personam,
820 1135 865 1173 aut
879 1117 911 1172 ad
925 1118 1043 1191 ineptam

80 1194 243 1251 ouationem
264 1194 362 1251 Czliua
384 1190 513 1249 retulerit.
551 1194 580 1251 in
600 1193 697 1267 quibua
714 1191 824 1267 quidem
851 1194 898 1269 qni
917 1210 1044 1261 peccant,

80 1270 108 1325 tri
124 1267 364 1343 potiusdieunrur‚
383 1285 465 1341 quatu
484 1266 668 1341 impudentes,
689 1268 779 1345 quales
793 1272 853 1325 lunt
868 1266 1041 1333 immodesti,
1127 1296 1142 1315 υ

80 1341 265 1408 nconstantes,
291 1350 319 1401 δι
331 1338 456 1400 dissoluti.
475 1362 536 1400 cum
553 1345 635 1423 igitur
653 1343 686 1399 de
708 1342 855 1408 modestia,
878 1344 1045 1401 continentia

88 1440 104 1477 a
126 1438 204 1485 atur,
224 1421 359 1499 negligere
372 1421 479 1495 iuquit,
500 1421 594 1477 Cicero
615 1419 733 1489 quidde
753 1417 779 1477 se
798 1418 909 1498 quisque
932 1420 1041 1482 sentiat,

97 1439 184 1553 dium
197 1490 410 1573 arrogantistst‚
432 1492 569 1551 sedetiam
586 1494 712 1553 dissoluti.
739 1494 778 1552 est
794 1514 882 1555 autem
898 1497 971 1573 quod
991 1493 1043 1551 dis-

80 1580 132 1629 riu
144 1574 224 1629 omui
236 1575 340 1629 rarione
354 1570 474 1627 ltabenda
486 1572 553 1627 iuter
566 1568 747 1644 iustitiam&
761 1571 958 1631 verecundiam.
977 1590 1042 1635 uam

80 1650 130 1707 ina
147 1646 304 1725 parttssuas
315 1646 476 1704 nonviolate
491 1644 630 1713 homiues,
649 1666 678 1705 ur
690 1644 791 1705 faciunt
803 1668 863 1709 arto
884 1668 973 1714 antes,
997 1666 1043 1703 tt·

81 1724 153 1781 ndiae
166 1743 223 1779 non
237 1718 393 1786 offendere,
419 1740 448 1779 ut
462 1720 590 1779 dissoluti.
610 1724 723 1781 violatur
738 1722 847 1801 quidem
862 1668 957 1788 domo,
976 1742 1040 1779 cum

92 1797 226 1865 fortunae,
244 1819 288 1855 aut
298 1799 420 1874 corpori,
440 1818 484 1857 aur
496 1796 693 1855 existimationi
704 1800 794 1873 aliqua
807 1802 844 1855 vit
856 1796 976 1857 affertur.
997 1794 1041 1853 of·
1081 1844 1096 1853 „

80 1875 141 1933 litut
159 1894 247 1933 autem
262 1894 370 1933 morum
384 1875 494 1948 alicujus
507 1874 695 1935 obscoenirate,
714 1882 741 1930 δι
756 1874 938 1949 turpitudine,
958 1893 1040 1949 aqua

80 1954 88 2008 i
110 1953 161 2009 riti
177 1953 286 2007 animus
306 1948 440 2007 abhorret.
479 1949 636 2006 verecundia
654 1969 716 2006 vero
737 1947 824 2007 custos
852 1948 889 2005 ess
910 1968 1039 2007 uirtutum

80 2028 150 2085 rium
170 2026 280 2085 dedecus
299 2023 422 2103 fugiens,
443 2026 603 2099 laudemque
621 2027 742 2083 maxime
758 2022 933 2097 consequeus.
956 2044 1040 2103 quate

80 2104 167 2161 stodes
187 2105 255 2159 reste
273 2106 362 2178 inqnir
378 2105 530 2159 uerecundia
551 2105 579 2155 in
597 2104 681 2157 eadem
693 2100 754 2176 lide
771 2121 824 2155 eum
838 2098 1039 2177 sonecolrjune‘in

80 2182 191 2237 revereri
205 2197 293 2235 aurem
309 2178 431 2235 homines
446 2176 567 2251 estquod
583 2177 687 2239 allelon
708 2173 755 2233 suo
775 2176 888 2231 nornine
907 2170 985 2254 groti
997 2174 1039 2231 di-

80 2276 100 2319 :,
121 2254 176 2313 hoc
194 2252 233 2311 est
254 2253 376 2330 pudore,
395 2262 422 2313 δι
441 2256 538 2309 timore
556 2254 639 2329 turpis
658 2253 768 2321 alicujus
788 2272 857 2309 nora:
876 2254 1038 2329 eonspeslu,

80 2334 161 2389 eriam
175 2328 365 2387 conscientiam
381 2328 525 2385 hominum
541 2330 687 2402 proborum
701 2327 817 2405 quadarn
835 2348 896 2384 cum
913 2347 1039 2389 uerecun-

80 2410 187 2463 timere.
206 2425 240 2463 ex
254 2426 310 2482 quo
327 2402 357 2463 fit
377 2424 407 2461 ut
427 2425 474 2461 nec
491 2404 604 2467 iniuria,
625 2423 672 2461 nec
687 2402 853 2480 turpitudine
869 2422 1035 2481 quemqnam

80 2484 203 2540 uelantur.
245 2502 328 2557 quare
358 2483 454 2538 Cicero
486 2480 649 2536 adhibendam
675 2478 719 2554 ff
745 2482 834 2556 inquit
866 2486 1038 2541 reverentiam

80 2564 150 2615 adam
167 2559 290 2633 adversius
304 2560 435 2620 homines,
465 2559 496 2617 du·
513 2561 600 2629 optimi
615 2556 734 2628 cujusque
756 2559 787 2617 ὡ·
808 2558 852 2611 all.
865 2577 974 2622 uorum,
1004 2570 1036 2613 ut

80 2638 177 2692 imula
188 2635 274 2709 nojsra
291 2638 361 2709 apud
376 2652 457 2690 omnes
476 2637 576 2705 itttegrn
588 2628 723 2702 liuvane.
740 2650 795 2705 que
811 2634 856 2686 vel
869 2646 916 2705 pet·
934 2630 1037 2709 iujttfli·

80 2732 103 2774 r,
126 2714 174 2770 vet
191 2726 237 2786 per
256 2713 466 2766 incontinentiam
482 2712 556 2782 perdi
571 2704 652 2780 solet.
672 2724 699 2762 at
714 2704 732 2763 sr
745 2707 810 2763 Cael.
824 2708 963 2765 Ciceronis
978 2706 1038 2765 sen.

80 2790 134 2843 iam
143 2806 181 2845 ex
195 2785 275 2862 ipsius
290 2785 376 2843 verbis
386 2786 490 2861 potiun
512 2802 593 2857 quam
605 2802 638 2837 ex
653 2781 705 2839 suis
716 2782 876 2856 eoojtstutis
886 2782 1035 2843 elicerero·

80 2860 116 2929 ¹tt,
133 2884 191 2921 nou
207 2880 263 2919 tam
279 2861 360 2939 longe
376 2882 392 2919 a
409 2864 516 2917 veritate
536 2852 682 2917 aberrasset.

150 3019 412 3107 Decima-quinta
429 3009 513 3082 Casii
527 3012 708 3108 Calcagnint'
725 3008 909 3104 disquisitio

80 3157 168 3214 litero
183 3161 210 3213 δι
227 3153 271 3211 hic
285 3159 312 3211 δι
331 3152 395 3211 alibi
415 3150 505 3209 multis
522 3148 587 3207 locis
601 3148 681 3212 dicit,
701 3148 769 3203 nibil
783 3144 828 3221 effe
844 3138 1037 3229 tameousennt·

80 3252 165 3293 ,neam
178 3244 294 3293 natare,
312 3247 389 3304 quant
407 3230 547 3290 uirtutem,
565 3226 645 3283 eredo
662 3242 696 3280 ex
716 3240 747 3278 ea
765 3224 886 3287 ratione,
906 3238 969 3296 quta
989 3236 1037 3275 na·

89 3306 194 3383 semper
208 3306 310 3363 bonurn
327 3305 444 3379 appetit:
464 3308 489 3359 st
504 3318 606 3379 quanto
621 3298 747 3373 quodque
762 3298 866 3354 bonnm
883 3314 968 3368 majus
978 3292 1035 3357 est,

80 3386 155 3461 uagis
166 3383 310 3458 appetitur.
334 3379 415 3439 erril
427 3396 515 3435 aurem
530 3378 625 3433 virture
638 3374 747 3431 meliust
770 3370 838 3431 nihil
849 3392 916 3449 ergo
930 3390 946 3427 a
959 3389 1038 3427 naru-

80 3464 150 3537 ragir
162 3460 310 3534 appetitur,
330 3474 412 3532 quam
427 3456 525 3511 virtus:
549 3461 574 3510 δι
586 3450 642 3515 staec
653 3452 722 3507 tatio
729 3446 837 3525 quidem
851 3446 920 3523 apud
929 3447 1036 3523 meplu-

80 3554 119 3591 im
140 3535 231 3610 pollet.
268 3533 317 3589 Sed
331 3549 426 3589 eontra
440 3526 592 3589 Aristoteles
605 3529 730 3585 virtutem
750 3526 778 3579 in
798 3542 870 3601 parre
887 3522 1036 3581 irrationali

80 3608 238 3673 inscribit,
258 3616 284 3669 δι
295 3606 458 3665 naturalibus
477 3598 635 3668 affectibus,
656 3601 783 3677 uoluptati
800 3596 942 3677 ptaestrrim
960 3598 1036 3654 oblu-

80 3689 95 3748 i.
116 3689 181 3764 Eius
191 3687 231 3745 rei
241 3688 434 3769 argumentum
449 3677 506 3749 cst,
525 3680 598 3763 quod
611 3697 694 3742 tremo
707 3695 802 3737 natura
811 3680 904 3737 virture
913 3674 1039 3753 praeditur

675 3774 694 3835 q
714 3774 734 3829 4
993 3766 1040 3805 rn-
