2490 4500
114 224 196 377 qdam
212 290 307 361 fiteiut
318 288 470 351 definitioni
489 290 692 351 consentaneus.
711 292 808 351 Cicero
823 292 863 351 in.
874 288 956 351 Orat.
967 292 1014 351 suo
1027 292 1112 369 inqiut

114 370 425 445 psterictnndomrstitunt
447 384 539 443 tempus
563 376 590 427 in
611 366 781 447 cosnoscettdis
805 370 1024 449 componendisque
1041 366 1114 443 tttfit,

77 446 84 453 “
109 446 214 530 fitense
232 452 259 503 in·
278 451 396 519 asendit,
422 449 547 522 reliquunt
564 450 593 502 t'n
607 448 641 521 Je
653 446 711 522 t'pfis
722 448 861 578 tyriendt't
872 466 998 505 omnem
1011 456 1117 507 umettts,

109 536 188 601 'quem
206 524 328 579 baseium
341 538 388 579 aut
401 522 566 591 instituendi,
587 536 634 581 aut
652 524 726 580 doreti
745 528 755 579 i
776 527 871 579 locum?
891 526 924 583 ῥ’
937 526 976 599 epi
998 526 1061 579 ulan
1077 520 1118 577 sttt

115 600 302 667 redderemur
321 602 349 657 iit
367 600 490 674 epistolii,
511 597 545 656 fic
555 599 675 655 inveniet
685 616 767 675 quam
782 595 921 675 snpiffimc
939 618 955 655 u
970 618 988 655 ιι
1002 592 1120 655 &defiui-

116 678 190 745 tione
202 676 289 731 locuni
306 694 355 751 pro
366 692 485 751 tempore
497 694 632 751 oportuno
654 676 729 751 poni.
753 690 839 751 utque
853 692 917 729 tero
934 672 996 739 hic,
1016 690 1045 731 ιιι
1061 670 1121 749 apri

116 749 237 823 tutiores
254 752 413 819 conirdiuris
431 770 529 827 agitur.
553 770 582 808 ut
601 770 635 807 ex
653 770 761 819 natura,
781 758 807 808 δι
821 752 1005 825 oportunitate
1022 748 1122 807 sociali·

117 846 224 905 quares
239 829 297 907 geri
310 823 436 903 potuisse,
456 846 571 885 autnon
587 820 696 903 potuisse
711 826 840 884 videatur.
860 844 943 901 quate
962 824 1003 885 tili
1019 820 1122 884 confide

117 921 183 977 tent
196 920 230 959 an
245 906 413 979 oportunitas
425 904 474 959 loci
487 902 567 959 suerit
584 903 618 959 ad
631 908 769 983 negotium
789 900 1005 981 transigendum,
1014 898 1121 959 confide

117 996 179 1053 pent
191 997 313 1055 praterea
324 997 430 1055 tempus
443 999 470 1037 ut
486 980 620 1056 spatium,
640 978 856 1041 caetratorum,
873 996 903 1035 ιιι
913 979 1043 1053 temporis
1053 992 1123 1053 opot·

118 1056 278 1125 punitatem,
297 1055 393 1131 quibus
405 1057 548 1127 conjiciant
558 1054 685 1112 idoneam
697 1050 770 1111 fuisse
784 1052 950 1111 occafioncm
968 1056 1006 1111 rei
1026 1052 1123 1125 alicuju!

118 1132 223 1209 agenda
243 1131 283 1187 vel
303 1151 358 1187 nou
378 1130 487 1209 agenda
506 1128 670 1188 facultatem.
692 1150 810 1207 namque
831 1148 907 1206 apte,
926 1130 968 1188 vel
986 1133 1123 1203 ineptum

119 1205 195 1285 gesta
209 1206 240 1264 fit
251 1207 320 1285 apud
333 1226 378 1263 eos
390 1205 458 1263 nihil
474 1205 567 1273 refert,
587 1224 692 1264 tantum
708 1209 782 1263 enim
796 1202 936 1263 sadumne
953 1204 988 1263 stt
1005 1220 1123 1283 quarunt.

118 1280 272 1373 ‘philosophi
287 1302 348 1339 vcro
362 1301 396 1338 an
411 1302 489 1359 apte,
509 1290 535 1341 δι
546 1302 607 1340 cum
624 1280 735 1342 decoro,
757 1285 854 1359 inquo
872 1280 1004 1339 servando
1017 1280 1074 1337 sarit
1088 1274 1122 1337 ts}

119 1362 251 1435 temporit
263 1360 473 1434 congruitatem,
494 1359 657 1417 &idoneam
678 1361 888 1434 oportunitatem
910 1358 1057 1415 observate.
1074 1370 1121 1413 nou

119 1436 195 1505 cuitu
209 1433 283 1499 aliter
296 1435 389 1491 dctorc
401 1452 445 1490 aut
456 1434 509 1491 dici
520 1475 527 1501 ,
537 1455 582 1492 aut
595 1432 652 1491 ficti
667 1438 811 1512 quiequam
825 1431 923 1511 potest.
941 1433 1067 1491 decorum
1078 1434 1085 1488 i
1104 1432 1121 1479 '-

119 1526 164 1575 tut
183 1526 238 1579 nott
258 1508 344 1584 spatio
356 1513 503 1585 temporis,
523 1530 568 1568 aut
587 1528 621 1567 ex
635 1528 747 1573 natura,
768 1510 934 1585 &qualitate
951 1506 1082 1585 ioeieonst

118 1602 205 1656 patui.
224 1601 486 1659 namqucutcunque
498 1586 600 1664 aliquid
618 1586 707 1663 inepte
725 1584 830 1650 fecerit,
853 1604 940 1663 neque
960 1586 1026 1651 soci,
1047 1596 1120 1715 ntqtt

119 1661 251 1735 temporis
271 1658 405 1719 excusatio
423 1662 574 1738 accipietur.
611 1660 772 1733 quandocun
793 1680 846 1727 ιιι,
871 1668 898 1719 &
919 1662 1068 1740 ubicunque
1098 1678 1121 1717 ι·

119 1754 209 1805 tenter
221 1737 322 1815 egeris,
348 1754 377 1791 ut
390 1741 537 1813 oportuerit
557 1738 635 1819 egisse
653 1738 758 1795 dicetis.
805 1757 841 1796 ac
857 1756 947 1796 aurem
965 1737 1121 1815 oportunitas

119 1811 207 1881 niodo
226 1814 314 1878 locus,
341 1812 426 1869 modo
443 1830 564 1891 tempus,
593 1832 622 1873 ut
641 1812 763 1880 ostendi,
792 1832 972 1889 nuncupatur.
1010 1814 1121 1891 quocirca

121 1891 169 1959 Μ.
182 1890 288 1959 Tullius
305 1890 386 1963 lonpe
404 1889 513 1953 melius,
534 1910 615 1979 quarn
636 1890 703 1949 caet.
723 1888 814 1947 osfttia
834 1890 1044 1967 reperir'ndirit,
1067 1905 1119 1947 cunt

121 1968 249 2039 quaeritur
258 1966 323 2043 quid
338 1966 442 2029 deccat,
463 1972 489 2023 dt
505 1965 570 2043 quid
584 1985 675 2043 aptum
697 1964 727 2024 stt
747 1964 880 2041 perionis,
902 1968 1080 2043 temporibus,
1097 1970 1120 2027 st

121 2043 254 2115 attubus.
276 2040 316 2097 sed
332 2039 383 2097 hoc
394 2038 434 2097 est
447 2045 572 2107 tertium,
592 2042 694 2115 quoda
713 2044 777 2099 stol.
791 2043 913 2117 requiro,
934 2062 982 2099 eut
1000 2040 1121 2099 hordain

120 2118 181 2187 {ius
195 2117 244 2173 csse
258 2116 336 2187 velit,
356 2136 434 2193 atque
446 2118 571 2183 decorum
598 2118 639 2175 liis
652 2118 795 2173 desedibus
811 2120 960 2178 continet..
982 2138 1039 2175 uon
1056 2118 1119 2175 euim

119 2192 313 2281 personarum,
334 2211 379 2248 aut
399 2210 571 2270 tempotum,
593 2214 638 2251 aut
657 2202 779 2257 attatum,
801 2194 840 2251 vel
859 2212 887 2249 ut
907 2194 950 2251 illc
968 2196 1042 2260 rust,
1059 2194 1120 2259 locu·

121 2286 182 2332 rum
196 2268 312 2322 dest-dius
326 2267 416 2323 haberi
433 2268 546 2334 debent,
567 2270 609 2327 sed
629 2288 719 2325 earum
732 2288 836 2332 rerum,
856 2288 916 2346 quac
929 2268 971 2327 his
984 2290 1050 2344 aptu
1063 2268 1118 2333 siut,

121 2360 255 2413 utrorum
269 2345 452 2399 convenit-ntia
472 2343 598 2403 servetur.
624 2364 687 2402 nam
708 2346 915 2410 moderationis,
935 2345 1057 2417 justitie,
1075 2342 1120 2402 sor·

118 2418 246 2484 pittrdinit
266 2416 363 2473 finibus
381 2416 507 2476 dccorum
521 2422 701 2479 circumscribi
715 2421 787 2477 decet
817 2439 892 2478 extra
908 2440 1028 2480 unorum
1041 2422 1121 2479 tttmi·

119 2510 171 2563 por
191 2491 245 2547 sire
259 2494 361 2548 mocula
378 2495 551 2568 turpitudinis
570 2498 659 2575 vagari
682 2517 736 2551 non
756 2493 898 2573 possumus.
919 2480 994 2578 ¹crgo
1011 2496 1120 2575 quidde·

120 2588 194 2637 ees,
215 2576 348 2643 &aptum
369 2567 399 2625 fit
417 2572 548 2645 personis,
568 2574 749 2648 temporibus,
772 2580 797 2629 δι
815 2574 953 2638 aetatibus,
974 2576 1045 2632 tesie
1061 2573 1121 2631 dixit

119 2644 289 2715 Mffsussiut,
303 2644 463 2709 cuis'aeltum
477 2644 597 2709 decuiss'tt
612 2648 740 2714 asscntiri,
761 2668 793 2704 ne
811 2646 889 2705 fimus
907 2669 963 2706 tarn
983 2651 1081 2715 muita,
1099 2656 1122 2707 ᾱ

119 2737 176 2789 pam
192 2720 263 2779 stede
278 2719 412 2787 peccasset,
434 2722 498 2779 dum
517 2724 595 2794 iocis,
617 2732 642 2781 δι
662 2724 798 2799 personii,
824 2728 1049 2800 &temporibus,
1072 2725 1137 2791 reli-i

119 2793 232 2869 quisquc
251 2796 394 2852 dilectibus
415 2800 525 2872 speciem
547 2799 635 2857 decori
652 2802 852 2857 circumscribit.
881 2800 924 2859 sed
940 2806 1055 2879 quinam
1072 2800 1123 2863 suut

117 2871 216 2947 geli-‚ui
228 2873 354 2931 dc'rcius.
375 2891 439 2929 nam
452 2874 503 2930 hoc
516 2873 553 2930 est
568 2896 711 2953 quartum,
731 2876 803 2952 quod
816 2876 850 2933 nb
861 2895 894 2932 eo
906 2878 989 2934 velim
1005 2878 1123 2955 perdisce-

119 2968 159 3021 ιι.
177 2951 300 3022 equidem
322 2967 369 3003 nec
386 2950 471 3025 plures
486 2946 537 3006 esi'e
554 2971 627 3013 reor,
649 2972 729 3028 quant
744 2955 838 3009 Cicero
852 2952 987 3029 posuerit,
1011 2975 1059 3011 nec
1075 2972 1124 3023 cot,

120 3031 207 3100 quuss
222 3025 263 3081 ul.
276 3022 370 3087 posuit,
386 3043 413 3079 ut
425 3025 540 3090 ostendi,
553 3027 667 3084 deiectus
678 3028 814 3105 appellari.
852 3028 900 3086 Sed
920 3030 963 3086 his
978 3032 1123 3109 airisseptn

118 3116 174 3173 pem
188 3099 275 3155 decori
293 3100 578 3165 circumscribendam,
599 3122 675 3159 more
690 3124 752 3161 vero
767 3111 907 3181 poetarum
929 3124 1021 3183 negat,
1059 3102 1122 3183 quas

73 3248 80 3256 .
119 3177 217 3235 Cicero
229 3178 256 3230 in
268 3194 300 3231 eo
312 3177 398 3251 uptus
412 3174 457 3240 st,
475 3177 518 3233 sed
536 3178 586 3234 hoc
605 3176 643 3235 est
657 3177 762 3237 salsum.
782 3200 837 3236 non
855 3184 931 3243 enitn
948 3172 993 3239 hic
1005 3182 1121 3241 utun.

118 3250 311 3319 circumscribit
322 3253 447 3309 decorum
464 3272 539 3310 niore
551 3262 704 3331 poenitum.
741 3256 791 3316 Sed
812 3254 952 3313 existimat
968 3279 1002 3319 tx
1022 3260 1120 3317 illorum

118 3323 215 3395 decom
231 3328 308 3402 quale
328 3326 549 3403 philosophorum
570 3326 618 3387 esse
637 3332 729 3389 debeat
748 3334 777 3388 in
801 3334 905 3389 ratione
923 3335 984 3393 vitae
1006 3336 1121 3413 perspice·

118 3419 158 3473 qe.
179 3419 227 3457 nec
244 3422 307 3458 vcro
320 3410 409 3477 postas
420 3420 456 3461 ita
470 3410 564 3480 probat
579 3410 606 3471 iu
622 3406 670 3465 hae
683 3426 771 3484 patre,
792 3426 820 3464 ut
835 3412 862 3464 in
879 3408 932 3465 ulla
951 3409 1064 3487 persona
1075 3428 1120 3467 tut-

117 3475 269 3568 pitudinem
284 3478 470 3537 sententiarum
486 3482 583 3541 landet.
604 3485 693 3559 inquit
704 3488 793 3549 cuim,
812 3484 854 3541 sed
869 3492 953 3560 po'ctae
963 3486 1118 3563 quidquem·

118 3569 171 3623 qve
183 3550 271 3613 deceat
282 3572 314 3621 er
329 3555 439 3629 persona
455 3556 616 3625 judicabunt.
640 3562 716 3629 trobis
727 3580 814 3616 autern
831 3580 879 3636 pru
895 3580 991 3619 natura
1002 3559 1118 3637 imposuit

130 3625 174 3713 psat
187 3644 280 3697 natura
294 3648 464 3707 magnacum
483 3634 652 3699 excelientia,
674 3634 876 3711 prestantiaquc
891 3638 1068 3696 animantium
1085 3652 1116 3715 ttj

114 3644 364 3803 detinuerunt
384 3706 549 3786 stitutum
567 3713 613 3785 tbi
626 3714 722 3787 §iteri
734 3708 851 3783 ostendit
869 3720 965 3805 poetas
981 3710 1114 3859 uon-pq}
