2490 4500
1059 171 1101 247 18

94 276 157 323 rum
177 265 299 323 enuntiet
316 261 370 322 hoe
389 261 495 343 inodo,
512 255 564 336 erpi
583 257 606 317 ἔ
630 259 789 331 eurialum,
810 264 928 341 priorem
952 264 1027 322 illam
1046 286 1129 330 tenu.

90 335 190 399 statem
203 344 324 398 amittat.
364 341 466 397 Contra
477 338 584 396 titulum
600 333 683 395 istum
697 357 773 397 tuum
788 339 945 404 deOfficio,
968 342 1014 397 rix
1024 344 1126 405 Latinae

90 432 170 475 aures
190 420 346 494 patiuntur:
368 414 417 473 nisi
438 409 541 472 forcalle
559 414 661 488 aliquid
682 415 793 475 addatur
809 417 900 482 aliud,
924 418 996 487 quod
1014 419 1048 474 ad
1062 441 1127 496 pro-

90 496 181 567 priam
195 495 317 569 aliquam
333 511 418 550 aetem
432 494 577 569 pertineat:
597 509 643 554 ur,
657 490 689 546 de
702 495 878 568 Imperatoris
891 492 1000 561 officio,
1020 496 1125 555 deoffi-
1191 532 1200 549 .

90 571 132 627 tin
143 571 269 628 Medici:
291 571 389 645 quibus
404 587 432 625 tn
445 567 590 644 exemplis,
614 569 713 623 mentis
726 568 822 628 nosttae
837 573 921 627 aciem
938 568 1124 648 praestringere

90 649 208 703 nonnis.
230 644 427 722 perindeqnasr
440 643 469 701 sit
480 645 569 709 idem,
590 642 722 701 deoffieio
736 650 926 723 imperatoris:
947 655 990 709 bc,
1005 650 1037 703 de
1047 647 1125 707 offi.

90 724 149 787 cio,
171 720 343 799 fimplicirer.
382 721 466 798 Qrod
487 718 673 777 liDialesticis
693 723 811 780 imbutus
830 720 911 787 elses,
933 729 1039 781 nonita
1054 741 1123 784 certe

90 797 203 874 teipsum
218 818 301 875 atque
312 802 453 876 imperitos
462 795 588 853 homines
598 796 740 873 deciperes.
763 801 915 856 Plurimum
927 803 1001 857 enim
1014 802 1122 860 interest

90 876 177 943 [utin
192 875 321 932 Elcnchis
338 877 413 932 docet
428 870 596 944 Aristoteles)
618 893 679 929 cum
703 875 841 933 additione
864 877 966 951 aliquid
985 875 1120 951 proferre,

132 971 167 1009 ue
186 951 256 1008 illud
271 950 345 1008 idem
360 951 413 1008 sine
424 950 573 1007 additione.
594 949 644 1006 Sed
661 948 717 1007 haee
734 953 932 1028 relinquamus,
953 971 1011 1025 quae
1024 970 1052 1008 tu
1064 952 1122 1013 for·

90 968 219 1086 :deuon
236 1028 377 1105 intelligis.
416 1025 484 1085 lllnd
496 1026 648 1082 videamus:
669 1026 742 1100 quod
756 1031 811 1094 ais,
833 1029 961 1086 nonnulla
969 1026 1120 1096 ell'everlta,

90 1106 183 1179 {utin
196 1123 317 1161 numero
331 1104 593 1178 uniusuberiurquid
609 1100 770 1182 fignificant,
781 1124 863 1180 quam
878 1106 908 1161 in
922 1124 1037 1161 numero
1049 1107 1121 1165 mul·

90 1180 229 1237 itudinist
251 1183 281 1237 in
304 1200 421 1255 qnorum
443 1199 556 1237 numero
577 1199 626 1235 nos
640 1174 775 1237 Officium
795 1201 850 1238 non
865 1182 1003 1257 ponimus.
1042 1184 1120 1240 Nam

90 1272 169 1353 poam
189 1255 306 1313 ridicula
320 1255 357 1313 est
377 1255 432 1315 haec
451 1255 521 1330 apud
538 1256 715 1334 intelligentes
731 1261 951 1334 argumentatio?
979 1259 1120 1318 Nonnulla

90 1352 144 1391 ‚unt
158 1333 298 1397 nomina,
308 1353 366 1410 quae
380 1354 441 1391 cum
458 1332 583 1408 fingulari
599 1352 712 1389 numero
722 1332 903 1408 proferuntur,
917 1334 1021 1409 plenius
1035 1332 1119 1412 ligni·

90 1406 195 1467 iactum
208 1408 326 1473 habent,
338 1429 419 1486 quam
436 1407 454 1467 fi
468 1409 560 1465 eadem
573 1410 670 1484 illaper
685 1429 829 1467 numerum
838 1426 1016 1467 communem
1030 1429 1118 1468 enun-

90 1488 147 1543 ies:
166 1504 237 1562 crgo
252 1481 389 1543 Officium
405 1484 443 1542 est
458 1484 622 1559 hujusmodi.
663 1488 726 1542 Hoc
738 1489 812 1542 enim
827 1485 901 1562 qnod
918 1484 1070 1551 concludis,
1090 1503 1117 1543 te

90 1563 199 1632 probare
212 1563 372 1637 oportebat,
393 1563 466 1632 qnod
478 1581 534 1617 non
548 1558 624 1617 sacis.
666 1562 718 1617 Vbi
734 1563 822 1639 quaeso
838 1561 973 1640 reperisti,
996 1563 1053 1639 plur
1067 1557 1117 1620 else

90 1633 245 1701 Officium,
266 1658 349 1714 quam
361 1634 481 1695 Officia?
503 1637 552 1693 Sed
565 1637 639 1694 addis
654 1637 725 1694 aliud
741 1659 795 1694 non
809 1641 900 1696 minus
916 1641 959 1694 ine
980 1657 1050 1702 tum,
1067 1657 1115 1696 nec

90 1718 178 1772 ninus
198 1714 344 1772 ridiculum
360 1715 553 1788 enthymema,
575 1713 648 1791 quod
664 1717 701 1769 ita
715 1713 880 1771 conformari
894 1657 993 1791 petel:
1017 1716 1117 1772 Melius

90 1788 121 1849 :st
139 1791 290 1848 inscribere
305 1790 507 1868 Geographicos
520 1790 602 1846 libros
617 1790 649 1845 de
663 1789 710 1846 stu
725 1794 833 1853 Terrae,
856 1810 938 1866 quam
949 1793 1115 1850 Terrarum:

90 1886 152 1942 ergo
162 1868 265 1924 Cicero
277 1867 358 1923 libror
372 1868 432 1925 suos
443 1866 475 1923 de
488 1861 610 1929 Officio,
632 1867 729 1922 nonde
743 1863 853 1922 Officiis
867 1867 998 1943 appellare
1011 1865 1114 1924 debuit.

90 1944 201 2001 hlilrilne
215 1962 241 2000 tc
254 1944 336 2018 pudet
350 1944 491 2000 hominem
514 1943 661 2013 (utaudivil
685 1945 816 2018 peritum,
833 1951 859 2001 ὅ(
869 1944 965 2018 magni
979 1944 1112 2006 nominis,

90 2021 121 2076 'rra
140 2021 347 2095 argumentari?
370 2023 421 2076 Vbi
440 2018 478 2076 cst
493 2039 604 2075 acumen
624 2036 699 2075 tuum
711 2030 719 2073 ἓ
730 2085 733 2094 1
744 2022 844 2078 Haecne
859 2019 907 2074 tibi
923 2018 1045 2074 ridentur
1062 2013 1112 2074 else

90 2097 267 2154 :onses'tariar
288 2114 346 2152 non
360 2096 446 2152 hercle
462 2097 567 2172 tnagis,
589 2113 672 2169 quam
687 2093 767 2168 fiquis
787 2095 825 2150 ita
841 2093 966 2172 colligat,
991 2092 1113 2150 Mundus

90 2174 257 2247 providentia
272 2173 389 2249 regitur,
401 2191 466 2247 ergo
479 2171 606 2246 respirant
617 2168 664 2226 sub
679 2189 748 2242 aqua
762 2167 854 2244 pisces.
878 2175 912 2224 nt
924 2188 953 2224 tu
969 2168 1016 2224 tibi
1026 2169 1111 2244 places

90 2266 114 2304 ea
133 2250 223 2320 (neira
235 2248 336 2317 dicam)
357 2250 614 2309 obrarrocinationc,
634 2245 766 2322 rudesque
778 2245 886 2301 titulum
901 2247 982 2301 etiam
997 2243 1028 2301 de
1037 2248 1112 2302 Fini·

90 2324 131 2381 hus
151 2326 291 2382 bonorum
315 2332 341 2380 &
366 2326 500 2382 malorum
524 2320 727 2398 reprehendere,
753 2341 833 2398 quem
855 2323 932 2380 Zeno
962 2314 1012 2384 nni
1034 2321 1110 2381 rimie

90 2400 277 2463 nmmodius,
297 2420 326 2455 ut
344 2418 372 2457 ru
385 2397 539 2460 existimas,
560 2397 732 2473 apposuerat:
755 2399 897 2474 arguisquc
912 2415 1046 2454 muratum
1060 2394 1109 2455 elle

90 2478 254 2535 rCieerone.
276 2475 325 2532 Sed
336 2476 379 2532 dic
393 2478 480 2538 inihi,
502 2495 566 2532 num
585 2479 613 2530 in
626 2475 697 2530 libris
707 2474 1001 2530 deFinibusbonotum
1014 2480 1111 2531 &ma-

90 2552 190 2616 lotum,
214 2555 252 2608 ita
261 2556 400 2608 Zenonem
421 2555 541 2611 imitatur
555 2553 665 2613 Cicero,
688 2549 751 2606 ficut
763 2549 795 2604 de
812 2545 922 2605 Officiis
938 2551 1108 2606 Panaetium?

90 2630 142 2704 Qui
156 2626 244 2705 potest
266 2630 378 2704 linquis)
397 2648 458 2684 cum
470 2630 498 2684 in
510 2632 547 2684 eis
560 2631 685 2682 omnium
697 2624 750 2681 lete
761 2624 987 2700 Philosophorum
1002 2623 1106 2681 senten·

90 2705 132 2761 :iar
142 2708 176 2763 de
188 2702 288 2761 linibus
307 2701 496 2779 perscrutetur?
517 2709 574 2760 Cur
588 2704 670 2777 igitur
687 2721 750 2757 eum
763 2702 871 2758 titulum
885 2699 919 2756 ad
934 2699 1002 2757 hanc
1015 2692 1107 2756 censu·

90 2799 140 2837 tarn
160 2800 285 2843 revocas,
307 2800 368 2837 curn
390 2780 470 2860 longe
487 2778 517 2836 fir
535 2778 637 2834 diversa
658 2779 744 2834 ratio?
765 2775 838 2853 quasi
854 2795 914 2832 vero
928 2774 961 2832 ele
976 2794 1031 2831 uno
1046 2794 1107 2832 ran-

90 2874 139 2913 um
153 2855 210 2923 fine
222 2857 326 2913 locutus
340 2855 384 2918 nr,
406 2874 435 2912 ac
449 2877 504 2913 non
521 2856 669 2933 collegerit,
689 2853 820 2928 quicquid
834 2852 867 2908 ab
881 2853 999 2926 antiquis
1014 2849 1107 2909 Philo·

90 2931 172 3009 Tophis
183 2930 262 3008 super
274 2953 305 2989 ea
317 2951 344 2988 re
360 2932 463 2988 dissum
480 2929 576 2988 fuerat.
598 2929 761 3007 inscripserit
771 2930 854 3008 igitur
868 2929 1033 3005 berreZeno,
1055 2929 1104 3001 qui

90 3010 192 3066 micum
206 3009 287 3069 bentae
302 3012 361 3065 vitre
375 3005 475 3072 linem,
498 3027 595 3083 nempe
606 3007 783 3063 Honestarem
798 3003 941 3060 statuebat:
964 3023 1030 3059 num
1045 3003 1107 3059 ideo

90 3104 96 3114 ·
149 3106 159 3141 s
171 3087 299 3160 exemplo
313 3087 433 3141 Zenonis
447 3087 606 3141 Ciceronem
620 3084 652 3139 de
665 3084 730 3139 Fine
747 3083 812 3138 boni
826 3088 852 3136 8c
866 3080 930 3136 mali
946 3079 1026 3135 libros
1044 3075 1106 3135 suos

90 3104 240 3225 :sciiberm
263 3161 401 3236 inquibus
419 3159 643 3235 Philosophorum
664 3179 730 3235 pene
743 3158 870 3212 omnium
886 3157 1030 3231 opiniones
1043 3173 1107 3225 pro·

90 3234 216 3311 'equitutl
235 3237 285 3294 Sed
297 3237 331 3293 ad
345 3239 460 3312 priorem
477 3235 652 3313 quaestionem
668 3251 842 3290 revertamur.
871 3235 941 3288 Dico
962 3228 1106 3289 testilsrme

90 3311 112 3369 le
125 3311 250 3377 Officiis,
272 3313 324 3370 hoc
343 3332 411 3388 opus
426 3312 583 3387 inscriptum
600 3305 662 3367 else:
683 3307 789 3385 pessime
804 3305 877 3370 fieri,
898 3306 920 3369 si¹
937 3305 969 3362 dc
985 3303 1101 3374 Officio,

90 3389 313 3464 pnemadmodum
328 3407 355 3445 tu
367 3391 423 3452 vis,
444 3387 607 3445 inscribitur.
627 3391 702 3444 Nam
719 3385 779 3442 fide
792 3403 846 3440 arte
861 3384 949 3457 aliqua
967 3380 1105 3459 speciatim

90 3466 218 3522 redimet:
240 3485 286 3523 aut
303 3465 336 3523 de
353 3465 444 3539 aliquo
468 3465 579 3530 ordine,
601 3464 695 3519 melius
712 3457 819 3517 fortalle
834 3459 867 3517 de
879 3457 997 3523 Officio,
1019 3478 1104 3532 quant

90 3537 228 3599 leOffrciis
242 3538 426 3617 inscripsissetr
446 3560 475 3597 ut
486 3541 518 3597 dc
526 3540 651 3596 Consulis
664 3535 783 3600 Officio,
805 3535 837 3592 de
851 3537 972 3594 Pretorio
988 3534 1103 3598 Officio,

90 3632 156 3691 reque
178 3619 214 3675 ita
234 3618 266 3674 de
287 3619 407 3694 reliquis.
445 3616 494 3672 Sed
511 3637 573 3674 cum
594 3635 706 3671 omnem
728 3631 831 3676 artem,
851 3632 962 3668 omnem
978 3631 1104 3674 actorem,

90 3709 194 3751 omnem
212 3692 361 3760 ordinent,
381 3712 466 3756 omne
484 3691 599 3772 denique
614 3711 698 3774 genus
718 3689 866 3748 hominum
883 3688 927 3749 his
942 3688 1017 3750 libris
1028 3705 1104 3746 eom·

112 3812 114 3817 -
735 3783 764 3824 m
787 3785 805 3839 4
1051 3778 1112 3842 pre-
