2490 4500
106 234 272 391 lrddgeim
284 306 531 369 omniarestiffime
542 306 614 369 diei?
627 307 733 368 Deinde
744 323 807 386 peto
820 324 890 375 ate,
901 311 1040 389 quoniam
1051 330 1117 393 argr-

110 390 256 455 raentaris,
275 380 400 445 officium
414 389 452 445 ita
465 385 549 443 dividi
566 388 595 444 in
611 382 791 463 petlesiuru&
801 386 944 452 medinm,
960 385 1120 447 licutaniual

112 464 322 530 inrationale&
335 463 501 521 irrationale:
522 482 557 519 an
574 465 648 521 redle
664 462 765 520 dicatur
778 463 892 522 Animal
911 462 945 521 de
959 482 1069 540 utraque
1081 464 1122 523 bae
1148 508 1159 519 .

112 534 285 605 differentia?
307 557 336 596 nt
348 537 367 596 st
378 540 484 603 dicam,
506 539 648 596 Rationale
657 535 695 595 ast
707 541 826 597 animal:
846 546 874 601 ὃς
888 538 974 627 siquis
987 542 1026 597 ira
1035 560 1122 619 propo·

114 634 176 683 nat,
197 617 310 683 Animal
325 616 453 673 rationale
469 612 564 679 estid,
586 614 659 689 quod
679 617 790 672 rationis
806 612 846 671 est
861 634 1009 692 partteeprr
1028 618 1123 677 ltririo·

115 692 195 758 nale,
214 692 288 769 quod
300 695 411 749 rationis
425 710 519 767 expers
532 687 584 747 est:
606 709 641 747 an
656 688 706 747 fine
718 688 758 749 lta
774 689 971 768 propositiones
983 694 1120 769 vituperan-

117 766 174 833 da,
196 788 335 847 propterea
352 767 426 844 quod
444 766 510 825 illud
530 785 697 843 pronomen¹
717 769 760 832 id,
778 768 878 829 iterum
900 768 1006 829 animal
1024 771 1120 845 repetiti

120 846 188 920 quid
201 848 229 902 in
243 846 291 903 laae
304 844 515 922 interrogatione
527 840 791 919 mibirespondebis?
801 862 847 901 aut
859 841 902 901 hae
912 846 964 901 tibi
978 844 1133 922 propositio·

121 940 170 985 ner
185 921 369 998 improbanda:
384 920 460 986 sunt,
479 937 524 978 aut
536 916 754 985 eoncedendum,
773 921 844 981 rede
855 915 953 977 dixisse
966 922 1123 983 Ciceronem.

121 998 174 1064 §ed
186 997 234 1057 bas
246 999 399 1074 improbare
410 1017 466 1053 non
482 1014 572 1072 poter,
586 997 717 1071 quoniam
730 997 785 1073 ipse
797 992 909 1059 dixisti,
930 1014 989 1055 ram
999 998 1123 1061 rationale,

121 1093 205 1150 quarn
218 1075 371 1131 irrationale
382 1072 484 1130 animal
494 1067 552 1128 elle.
573 1074 646 1147 Ergo
658 1088 684 1127 te
697 1089 804 1137 autore,
825 1078 852 1128 dr
865 1072 969 1143 iudice,
989 1074 1056 1131 rene
1065 1074 1125 1131 dirit

122 1152 242 1207 Cicero:
268 1164 321 1207 tam
337 1154 402 1206 enim
422 1146 563 1224 Perserlum
585 1170 599 1203 o
621 1148 714 1213 'cium,
740 1151 771 1211 da·
790 1150 929 1213 Medium,
955 1148 992 1224 est
1014 1148 1122 1285 apirian,

122 1246 200 1302 pram
217 1228 347 1284 rationali
358 1230 389 1287 dat
400 1226 579 1282 irrationaler
613 1226 723 1281 animal.
760 1228 935 1301 Qrapropter
952 1223 1047 1285 insule
1063 1228 1122 1293 saite,

125 1310 153 1367 dr
167 1305 301 1380 pueriliter
314 1298 411 1359 lacerus
426 1295 475 1357 elle
489 1298 592 1357 voluilli
602 1318 692 1361 ‚·cum
706 1302 746 1357 aia
757 1300 905 1376 periculum
914 1296 987 1367 ell'e,
1009 1322 1041 1359 ne
1051 1305 1076 1361 in
1085 1321 1124 1377 pae

123 1379 303 1456 ralogismum
319 1378 395 1434 illum
410 1375 575 1441 incidamus,
586 1369 721 1432 Officium
737 1374 884 1450 persedium
896 1376 937 1435 est
949 1377 995 1444 id,
1015 1377 1140 1455 quodie·

126 1455 202 1517 diurn
216 1453 268 1510 est:
289 1452 506 1529 perpendiculum
520 1450 559 1511 est
573 1453 693 1517 redium,
712 1471 778 1533 ergo
792 1451 1013 1529 perpendiculum
1027 1450 1123 1511 elloffie

125 1532 211 1591 eiutn.
244 1532 313 1603 Qut
327 1545 368 1593 re,
390 1528 512 1592 malurn,
533 1528 704 1603 intemperies
719 1527 808 1585 sertem
827 1530 1021 1603 importunum
1033 1530 1123 1589 acdtli·

126 1623 189 1671 rum
201 1609 335 1685 exagitat?
355 1622 460 1679 nequeo
473 1606 547 1659 euim
563 1624 618 1660 non
630 1602 856 1667 vehementiffime
868 1606 1007 1683 indignari
1016 1649 1025 1673 ,
1035 1626 1089 1665 eun
1099 1607 1123 1665 iu

127 1698 250 1747 autorem
262 1682 386 1737 omnium
400 1676 659 1756 praestantissimum,
678 1698 734 1737 tarn
747 1679 890 1737 scurriliter
905 1701 1002 1739 unuse
1015 1684 1087 1739 trivio
1097 1683 1125 1739 li·

125 1773 242 1822 terator,
264 1765 290 1814 δι
305 1776 361 1813 tarn
374 1757 466 1812 lasciue
480 1754 661 1815 debacchetur.
694 1759 777 1832 Atqui
793 1751 899 1813 fortalle
914 1758 964 1815 tibi
978 1756 1070 1817 videris
1082 1758 1123 1817 nti·

127 1834 247 1891 rabiliter
267 1829 433 1897 eonclufiffe‚
452 1847 498 1889 aut
514 1831 616 1907 aliquid
635 1851 669 1889 er
681 1834 821 1895 Ciceronis
838 1836 972 1912 gravitate
990 1832 1126 1901 detrarillr,

129 1927 186 1973 tuo,
194 1912 240 1968 illo
255 1909 353 1967 scurrili
369 1928 398 1966 ac
411 1907 525 1966 ridiculo
538 1905 735 1985 paralogismo,
747 1927 828 1984 quem
841 1929 926 1966 tremo
938 1907 1018 1971 sanus
1032 1914 1069 1983 (nt
1076 1912 1126 1987 opi·

129 1988 193 2056 nor)
214 1986 268 2043 stne
280 1983 376 2043 nausea
389 1985 476 2061 legere
489 1982 593 2059 potest:
615 1985 725 2059 perinde
738 1983 811 2051 quast
831 1985 951 2043 nesciant
963 2006 1071 2051 ornnes,
1087 1987 1126 2063 qui

128 2064 296 2145 primoribus
318 2065 356 2133 (ut
367 2063 450 2133 ajunt)
464 2061 544 2117 labris
552 2060 699 2117 Dialedlica
709 2059 888 2137 degustatint,
899 2064 929 2118 in
942 2060 1126 2139 secundaargn

130 2141 330 2205 mentationum
347 2136 480 2200 formula,
500 2135 520 2193 st
534 2136 589 2192 duo
606 2134 707 2193 suerint
722 2139 821 2193 aientia
834 2138 994 2215 proloquia,
1014 2138 1125 2199 nihiltu·

130 2233 214 2288 quam
229 2216 298 2270 reete
307 2212 445 2269 concludi:
466 2216 519 2268 Aut
538 2210 610 2288 quasi
624 2230 742 2269 nosram
757 2210 856 2288 stupidi
870 2210 970 2278 simus,
992 2235 1021 2273 nt
1031 2236 1081 2273 non
1093 2217 1126 2273 int

129 2290 299 2365 religamus,
323 2290 375 2343 alia
392 2290 494 2344 rarione
514 2286 661 2345 Persedium
683 2282 825 2353 officium,
853 2290 905 2345 alia
926 2292 1128 2367 Perpendieuluut

130 2365 234 2423 rectum
248 2362 388 2439 appellari:
406 2359 445 2418 est
458 2366 532 2419 enim
543 2365 658 2421 Rodium
671 2364 804 2442 ambiguae
817 2362 1023 2440 fignificationia
1032 2368 1128 2425 vocabu·

131 2440 214 2524 lum,¹
228 2439 269 2495 vel
284 2456 312 2495 ur
328 2440 422 2515 Logiei
444 2457 561 2503 vocant,
581 2442 761 2525 aequivocum.
800 2441 868 2504 Illud
882 2461 946 2497 tero
962 2444 1037 2519 quod
1052 2442 1128 2507 addit,

131 2512 295 2661 trannin
307 2512 1132 2657 illlamaaat‘lllalnmnnan

132 2666 251 2749 perfeeto
263 2666 338 2742 poffir
349 2667 560 2731 accommodari,
598 2671 672 2725 Nam
688 2672 811 2745 quamvis
824 2667 935 2745 persedli
947 2666 1036 2729 officii
1048 2693 1089 2731 cur
1100 2670 1134 2729 la·

134 2746 209 2811 dium
225 2742 254 2798 fit
268 2745 337 2798 ratio
348 2743 491 2818 probabilis
504 2744 577 2799 reddi
594 2743 689 2819 potest,
702 2762 859 2801 nontamen
871 2745 934 2802 ideo
950 2746 1092 2821 persedlnm
1102 2744 1135 2805 est

135 2820 155 2881 fi
169 2838 274 2883 tantum
288 2812 431 2894 probabilis
448 2819 571 2883 reddatur
591 2820 674 2876 ratio':
695 2821 771 2877 deber
783 2839 872 2883 autem
887 2819 1015 2881 delinitio
1025 2820 1136 2899 effeejnl·

135 2894 230 2963 modi,
252 2913 280 2953 ιιι
295 2896 330 2952 rei
343 2915 398 2949 vim
414 2915 443 2952 ac
457 2914 578 2961 naturam
593 2896 719 2970 explicet,
741 2904 768 2953 δι
781 2917 840 2953 eatn
854 2917 869 2953 a
883 2904 1079 2959 communitate
1090 2902 1136 2957 dit·

133 2975 246 3058 jungat,
267 2977 292 3026 δι
315 2990 437 3046 praererea
455 2990 524 3027 retro
543 2974 604 3047 agi,
626 2980 652 3028 δι
672 2975 868 3030 conterritum
888 2971 1005 3039 definito
1022 2977 1137 3037 vocabulo

135 3051 230 3129 polite,
250 3066 279 3106 ut
292 3066 377 3123 neque
392 3048 482 3122 plura,
502 3067 587 3122 neque
596 3049 809 3124 pauciotaquam
821 3047 910 3125 ipsunt
922 3049 1067 3117 definitum
1074 3073 1138 3113 corn·

136 3126 275 3201 plectatur.
304 3126 369 3180 Non
385 3118 484 3180 sufficit
498 3141 585 3179 autern
601 3123 634 3181 ad
649 3122 859 3199 persedionem,
878 3143 909 3182 ut
922 3130 993 3187 ratio
1007 3130 1138 3203 probabilia
1156 3134 1159 3143 “

138 3200 184 3265 fit:
206 3199 247 3257 l‘ed
259 3216 378 3276 oportet,
398 3218 426 3259 ut
436 3200 516 3255 etiarn
525 3219 586 3257 vera
598 3207 625 3266 ὃς
638 3201 709 3257 tedia
723 3199 762 3257 fit.
786 3204 879 3277 Quare
888 3202 975 3260 medii
985 3202 1074 3279 officii
1084 3203 1139 3264 defi.

138 3280 227 3340 nitio,
249 3296 304 3331 non
318 3276 388 3333 tedia
410 3274 441 3330 ad
457 3273 603 3346 perfeetum
623 3276 880 3335 accommodabitur.
920 3281 1008 3356 Qtod
1021 3302 1081 3341 vero
1094 3302 1141 3341 rut·

138 3352 215 3419 dium
230 3346 354 3409 officium
372 3352 409 3411 ais
422 3349 470 3407 else
485 3352 588 3409 redium
597 3389 605 3416 ‚
614 3350 665 3411 hoc
676 3370 731 3409 tam
745 3352 887 3411 absurdum
901 3355 957 3420 est,
966 3377 1050 3432 quarn
1063 3358 1140 3436 fipro·

137 3428 200 3497 bare
212 3428 398 3491 contenderes,
418 3427 594 3494 umbilicum,
613 3447 658 3486 aur
672 3430 799 3504 genitalia
808 3448 833 3486 te
844 3433 873 3487 iu
885 3435 972 3508 capite
985 3433 1091 3501 habete,
1103 3454 1140 3493 aut

139 3505 280 3590 pulmones
294 3506 322 3561 in
334 3502 455 3560 terebro:
469 3523 554 3579 neque
567 3521 642 3561 tuum
656 3506 720 3563 illud
735 3505 864 3582 sequitur,
874 3511 900 3563 Si
915 3510 1022 3567 redium
1037 3532 1091 3569 non
1100 3509 1141 3575 tll.

140 3578 290 3667 perversum
303 3600 332 3666 ar
344 3577 531 3655 praeposterum
545 3579 572 3637 id
582 3575 629 3637 elle
642 3578 894 3657 fateamuroportet.
913 3585 1001 3669 qu
1011 3587 1079 3645 mihi
1092 3588 1144 3647 sane

140 3649 249 3726 crassum
265 3673 294 3717 ar
308 3674 407 3735 pingue
418 3656 535 3712 videtur.-
556 3653 660 3739 pullum
673 3659 745 3715 enim
759 3656 866 3715 vicissim
883 3662 920 3725 ita
936 3666 1108 3737 rclpondete,
1122 3665 1145 3722 si

141 3728 332 3808 ntdiuntllr
345 3733 563 3820 {tennensium
584 3752 670 3821 atque
686 3734 835 3820 perveniant
855 3734 907 3805 cla
926 3734 1090 3807 netelleest:
1109 3760 1148 3799 cn

1003 3864 1013 3873 ·
1081 3835 1147 3884 llll!
