2490 4500
180 284 1181 443 lizzlllssl'lssilas:,lilllzs‘slgllll‘zllllll'lll

181 438 296 513 itarepir:
315 441 408 498 eodem
421 460 542 515 tempore
557 443 628 515 ignis
642 442 743 497 vicinas
755 441 823 497 aedes
837 442 979 516 corripuit,
998 438 1184 515 terendumqq,
1236 445 1239 451 '

180 521 249 593 pibi,
263 537 296 574 ne
308 536 358 574 tuae
370 518 438 577 ardes
451 536 497 574 tua
508 535 569 573 cum
580 514 684 574 slmilia
696 520 820 593 protinus
829 517 1009 593 conflagrent}
1023 516 1114 581 eodeni
1123 534 1179 577 teni
1191 544 1195 551 ·

182 613 249 675 pore
265 591 348 649 hostis
358 596 471 667 patriam
484 591 649 672 aggreditur,
657 599 684 651 &
693 592 889 669 propemodum
901 593 973 649 iutra
985 595 1178 651 moeniairrnea·

180 675 233 757 pit.
273 673 333 727 Hoc
345 688 420 725 tuum
435 668 473 726 est
491 669 661 742 exemplum,
683 671 781 741 inquo
800 671 918 801 primum
934 667 990 725 duo
1004 666 1179 742 proponitis,-

182 744 257 811 nesta
276 744 441 819 simplicitet,
459 743 555 803 deinde
567 744 622 801 duo
634 745 708 801 utilia
724 763 785 800 cum
822 741 1106 811 onestateeoniundias
1124 760 1177 811 naq
1199 800 1202 805 ,

184 814 311 898 depasti,
331 830 356 877 δε
370 823 459 879 amito
477 822 638 883 succurrere,
658 818 799 876 honestum
822 816 877 882 cst,
899 818 943 879 sed
959 816 1096 877 honestius
1105 818 1177 895 patris
1193 872 1196 877 .

184 896 309 977 'praterea
327 898 419 975 ignem
438 898 611 974 extinguere,
633 897 695 959 utile
715 894 771 958 est,
797 894 839 952 sed
860 896 951 951 utilius
971 892 1058 951 hostes
1075 894 1178 971 apauila

186 974 325 1042 moenibus
338 972 500 1049 propulsare.
540 975 632 1041 ltaque
643 989 689 1027 tuo
702 972 827 1046 exemplo
839 973 979 1033 Ciceronis
993 968 1180 1029 setrcetttiamn·

188 1046 329 1117 firmatur,
353 1067 380 1105 ut
393 1049 496 1105 duobus
512 1046 649 1121 propostis
669 1046 802 1108 honestis,
824 1066 913 1103 utrum
930 1044 1066 1103 honestius
1079 1046 1181 1105 confide·
1198 1102 1204 1111 ,

187 1124 293 1191 iemus:
314 1131 340 1183 δι
352 1124 455 1183 duobus
471 1123 610 1199 proposuit
628 1124 750 1187 utilibus,
771 1141 861 1181 utrum
881 1124 983 1179 utilius.
1020 1122 1069 1179 Sed
1080 1120 1120 1181 fac
1128 1116 1183 1179 amss

187 1201 249 1267 dere
267 1220 389 1276 ternpus,
410 1217 439 1256 ut
458 1201 532 1275 plura
553 1196 630 1255 simul
649 1195 760 1259 honesta
780 1200 857 1257 nobis
876 1216 1034 1263 occurrant,
1052 1198 1181 1272 dequibus
1198 1202 1238 1271 ᾗ

187 1276 388 1343 deliberandum
401 1272 449 1331 elle
464 1278 596 1333 videatur:
617 1294 755 1349 nunquam
776 1292 866 1331 tamen
880 1273 975 1331 eodem
994 1292 1113 1349 tempore
1124 1272 1183 1351 quis
1228 1274 1238 1287 “

188 1342 271 1427 'quam
293 1354 384 1427 plura,
407 1370 489 1426 qrram
503 1350 557 1405 «luo
576 1347 721 1407 considerat
740 1370 798 1425 quae
813 1348 952 1425 sequatur:
972 1349 1038 1407 dum
1053 1352 1123 1407 enirn
1139 1346 1182 1417 lita

187 1420 293 1501 'pidetnr
308 1424 465 1489 honestum,
488 1424 550 1483 illud
564 1443 690 1503 tanquam
706 1423 843 1483 honestius
860 1428 984 1487 animum
998 1424 1122 1485 attrahit:
1135 1445 1183 1483 tut-

189 1501 235 1573 sus
257 1502 273 1567 s
292 1506 398 1557 tertium
419 1502 519 1575 aliquid
538 1502 668 1558 succurrat
677 1502 748 1577 quod
765 1504 870 1579 gravius
885 1500 932 1565 stt,
952 1503 1046 1559 reliclo
1061 1500 1182 1578 priorede
1218 1500 1223 1505 ’

188 1575 332 1655 postremis
345 1576 449 1633 duobus
460 1576 634 1642 deliberatur,
654 1585 679 1633 δι
695 1580 734 1645 (ut
745 1580 928 1647 arrCotnrcusl
947 1577 1013 1647 dum
1026 1597 1054 1633 ιιι
1066 1574 1182 1643 duboeu

189 1672 297 1732 appimus
312 1653 391 1726 paulo
404 1671 544 1709 momento
558 1651 609 1708 hnc
620 1653 661 1709 vel
675 1653 736 1717 illuc
754 1654 911 1727 impellitur:
933 1672 998 1709 nam
1009 1654 1183 1731 quamvisplt·¹

204 1729 374 1796 avidearrtur
395 1726 505 1785 honesta
522 1727 678 1802 proposes,
700 1747 790 1784 tamen
808 1728 880 1792 duo,
900 1748 958 1803 quae
979 1729 1031 1786 stnt
1051 1734 1125 1805 preti
1142 1748 1181 1795 na,
1212 1774 1216 1779 .

187 1748 252 1875 dplet
267 1805 374 1877 animus
386 1807 498 1880 eligere,
518 1822 546 1861 ut
564 1805 605 1860 rel
621 1803 687 1866 hoc,
706 1805 747 1861 uel
765 1805 829 1860 illud
846 1806 1030 1884 aggrediatur:
1051 1824 1095 1869 ut,
1114 1750 1184 1865 ste-²
1214 1744 1237 1881 Ξ

188 1878 251 1971 pem
273 1899 393 1956 tempore
415 1899 486 1952 pater
499 1882 618 1956 graviter
634 1898 759 1956 agrotet,
780 1884 882 1938 amicus
899 1879 932 1936 de
946 1883 1031 1956 capite
1044 1889 1070 1939 ἃ
1084 1878 1183 1943 somnust
1215 1884 1237 1921 '⁴¹

187 1959 369 2039 periclitetur,
389 1953 496 2012 fratrem
516 1957 620 2012 inimici
643 1953 850 2031 persequantur,
871 1959 984 2031 patriam
1006 1955 1095 2021 hostes
1112 1976 1184 2033 oppt-
1222 1958 1231 1963 ”

188 2052 289 2111 guent:
316 2031 406 2089 statim
428 2034 540 2089 occurrit
559 2033 637 2088 nobis
657 2051 728 2106 parer
742 2040 768 2099 ὅ(
784 2035 887 2107 patria,
906 2031 1054 2106 dequibus
1075 2033 1184 2098 delibere-

187 2128 267 2333 prusp
287 2127 365 2181 atque
381 2112 417 2164 ita
431 2128 485 2163 non
506 2109 560 2176 jani
574 2107 607 2162 de
619 2111 722 2171 amico,
742 2107 840 2171 nonde
855 2104 950 2173 stane,
966 2110 1011 2171 sed
1024 2110 1056 2166 de
1069 2129 1139 2185 patre
1149 2106 1185 2165 ati
1207 2130 1237 2183 „p

216 2261 291 2316 adem
306 2256 344 2326 est
357 2260 438 2313 ctiam
453 2258 485 2314 de
498 2258 604 2314 utilibus
618 2278 702 2317 rano:
723 2258 760 2315 est
773 2262 846 2323 enim
865 2260 974 2317 interea
987 2279 1093 2317 tantum
1107 2262 1188 2319 delibe-¹

189 2337 275 2407 satio,
295 2351 353 2406 qnae
369 2350 423 2388 non
437 2334 550 2389 multum
565 2336 633 2394 inter
650 2334 674 2389 st
685 2332 799 2399 distant:
818 2334 891 2411 quod
912 2334 996 2407 squid
1010 2335 1048 2393 est
1060 2336 1187 2409 eiusmodi,
1211 2346 1218 2357 '

187 2410 220 2498 p'rt-
238 2408 384 2483 plurimum
396 2408 520 2471 excellat,
542 2408 568 2464 id
585 2429 598 2463 a
614 2407 638 2465 se
655 2406 744 2465 statim
759 2413 882 2466 animum
895 2410 1018 2468 nostrum
1035 2413 1129 2479 allicit,
1151 2414 1189 2471 uns
1214 2418 1230 2475 ζ·

190 2484 224 2556 de,
237 2483 295 2549 aliis
307 2483 382 2541 rebus
395 2480 588 2557 snritcogitare.
609 2488 674 2541 Non
687 2483 724 2541 esl
738 2488 818 2562 igitur
828 2487 901 2560 quod
914 2489 941 2543 in
951 2491 1115 2558 Ciceronem
1124 2510 1151 2547 at
1179 2520 1190 2533 ·
1218 2496 1236 2565 ἢ

190 2558 268 2633 seris,
289 2563 334 2634 qui
347 2562 461 2615 omnina
474 2558 609 2636 ingeniose
621 2561 703 2624 vidit,
725 2580 804 2623 ettam
823 2562 857 2618 de
872 2562 932 2631 solis
945 2561 1065 2622 honestis
1076 2562 1125 2625 esl'e
1153 2566 1191 2621 el·
1218 2576 1236 2631 j,

190 2636 377 2697 beratinncm,
397 2637 514 2710 itemque
523 2635 555 2689 de
569 2637 628 2693 solis
645 2638 764 2693 utilibus:
785 2656 863 2706 atque
877 2638 937 2694 ideo
954 2643 1102 2697 Panaetium
1115 2638 1191 2701 tedis
1220 2644 1236 2825 Ξ

209 2187 276 2243 attia
293 2174 470 2240 conserianda
486 2185 803 2269 cogitamust'nuoniam
823 2182 878 2241 lraec
897 2184 950 2240 illis
969 2184 1049 2261 longe
1069 2184 1186 2260 praestant.
1209 2204 1237 2482 ἦ

189 2711 258 2781 fitne
274 2710 455 2785 reprehendit,
477 2712 548 2785 quod
566 2711 620 2769 liaec
635 2712 688 2768 dno
701 2711 839 2769 divisionis
860 2715 980 2771 membra
997 2718 1192 2789 praetermiserit.

191 2791 229 2852 At
243 2806 287 2847 tu,
308 2786 371 2841 dum
387 2804 479 2841 contra
490 2791 644 2859 Ciceronem
661 2791 805 2845 l'anaerium
821 2788 960 2847 ‹lesendete
977 2788 1092 2857 studes„
1103 2792 1193 2851 Aristo·

191 2863 333 2934 telistcrba
346 2859 415 2923 rnltil
428 2861 460 2917 ad
475 2861 544 2918 lrunc
556 2866 643 2920 locum
662 2862 799 2927 facientia,
817 2884 849 2919 cr
862 2856 1018 2927 Etlncorntt't
1031 2871 1130 2938 quinto
1141 2870 1195 2927 teti·

91 3000 95 3007 ¹
192 2939 243 3011 tat.
282 2939 345 3007 Boni
358 2939 474 2992 uidelicet
492 2943 616 2995 rationem
627 2939 717 3013 sitriae
734 2944 816 2995 iniunt
831 2944 941 3011 titulum,
954 2943 982 3016 fi
1000 2948 1040 2999 acl
1048 2946 1129 3020 majus
1139 2966 1194 3003 ctu·

188 3029 319 3094 patretur:
359 3010 490 3086 minusque
512 3016 606 3071 niolam
625 3017 725 3089 ntegri,
751 3036 827 3089 quant
854 3016 934 3091 majus
960 3015 1004 3093 effe
1031 3028 1193 3096 expetendae.

192 3092 242 3165 ξςά
256 3090 318 3161 quid
334 3087 388 3145 haec
399 3093 430 3142 al
446 3100 520 3143 tent?
541 3094 680 3145 nonenim
695 3090 781 3145 tideo.
821 3095 962 3175 Quoniam
984 3096 1098 3171 linquis)
1116 3101 1197 3159 miuus

194 3165 272 3241 utile,
294 3174 355 3229 utile
375 3160 422 3220 esse
437 3162 547 3229 delinit,
573 3165 591 3221 si
610 3170 696 3240 magis
715 3168 773 3222 utili
794 3172 953 3224 conletatur.
992 3174 1075 3229 Nunc
1093 3173 1195 3231 demunt

193 3242 332 3319 intelligo.
354 3260 409 3311 quo
424 3260 546 3314 torqueas
562 3242 741 3298 Aristotelem.
781 3244 883 3300 Seddic
902 3244 989 3311 mibi,
1008 3266 1141 3307 notumne
1161 3238 1196 3305 els

195 3320 341 3378 ominbus,
360 3317 424 3390 qnnl
442 3319 527 3391 magis
539 3319 602 3375 utile
616 3318 659 3379 stt,
669 3325 695 3374 dt
709 3320 773 3392 quiri
788 3323 894 3376 ntinus?
916 3341 961 3377 aut
972 3322 1038 3397 quid
1052 3324 1194 3401 minusho·

196 3392 300 3453 nelltnn
312 3400 364 3449 ..ἃ
379 3392 442 3461 qnid
454 3397 557 3461 mauis?
578 3398 656 3450 Certe
670 3395 687 3450 st
699 3397 736 3451 itt
751 3395 794 3460 lit,
808 3397 879 3463 nulla
889 3401 938 3453 erit
952 3397 1081 3477 demagis
1095 3422 1138 3459 aut
1149 3402 1194 3458 mi·

195 3487 245 3548 uus
259 3467 318 3523 utili
331 3486 408 3541 atque
420 3467 531 3534 honesto
541 3470 703 3527 deliberatio.
723 3474 773 3527 Sed
785 3472 843 3539 ride
858 3492 890 3527 ne
903 3474 1061 3547 prudentes,
1076 3497 1106 3535 ae
1115 3464 1194 3535 ternus

194 3546 242 3621 plu
258 3544 332 3614 periri
349 3543 487 3608 homines,
510 3545 558 3601 tibi
572 3549 705 3609 asiiotrcm
720 3549 875 3617 injuriatum
889 3551 1043 3616 intendant,
1063 3544 1193 3627 quodilla,¹

193 3635 251 3689 que
273 3614 331 3671 sunt
349 3624 453 3675 eorurn'
465 3625 588 3694 propria,
610 3625 742 3695 inipetitrs
757 3621 861 3687 etiam,
881 3643 910 3681 at
932 3624 1040 3691 tnslitit
1057 3630 1193 3705 impertiat.¹

192 3688 384 3791 1ζιξιιιιιιιιιιὲιιι
400 3695 540 3783 propositis
558 3697 675 3771 dispellit
693 3716 739 3769 aut
756 3700 881 3793 utilibus,
902 3698 1016 3783 statuere
1027 3705 1095 3780 quid
1109 3704 1138 3775 ἧι
1152 3704 1196 3777 hog.

235 3782 258 3793 '⁷'
286 3778 318 3791 ''''
342 3776 371 3791 '¹'
406 3777 528 3817 t''i''¹'
563 3779 679 3797 '‘*''''''''
699 3782 740 3797 ''⁴''
761 3780 775 3797 '¹
802 3780 883 3800 ”“““’
909 3780 987 3797 ““’““““’
1007 3782 1016 3793 ”
1034 3782 1048 3814 ἰ
1073 3788 1076 3793 “
1116 3792 1119 3797 ·
1154 3794 1192 3851 m.

1159 3846 1182 3875 Μ·
