2490 4500
918 202 993 305 ιιι

75 311 164 369 :icero
176 304 261 363 bonas
272 314 318 361 aut
331 301 496 359 malacenus
507 300 601 372 querit
614 296 736 357 hocloco
753 320 762 354 t
787 298 828 357 sed
841 302 884 358 au't
898 302 996 362 libera·¹

75 404 96 445 tt
106 381 239 443 sordidus.
259 383 326 438 Non
338 377 376 435 est
388 395 476 433 aurem
493 375 623 437 dubium,
644 379 710 449 quin
723 375 840 433 liberales
851 381 932 460 longe
944 372 995 438 llrse

75 480 148 528 ores,
169 476 253 532 quam
266 455 395 514 sordida:
416 468 572 530 quantoque
588 454 679 507 miuus
695 450 898 519 sordidatione,
919 475 997 514 tanto

75 535 225 597 lustriores.
254 538 347 607 ltaque
357 550 421 587 cunt·
434 549 461 585 eu
478 531 658 584 Mercaturam
674 546 803 604 magnam
818 534 995 609 &copiosam

75 632 153 671 orem
168 607 220 667 else
230 605 366 665 confitens
380 644 387 669 ,
414 624 469 661 ram
481 603 573 660 tardus
585 622 612 658 es
623 622 703 679 atque
716 604 816 671 hebet,
838 624 867 663 ut
881 627 936 664 non
952 612 997 667 in.

75 708 97 753 t,
119 707 145 745 te
157 687 236 743 uobis
249 684 276 741 id
287 682 446 744 concedere,
466 680 498 737 de
507 699 563 756 quo
572 678 628 735 solo
636 677 805 754 quaestioest.
826 684 994 761 Quidigitut

75 764 112 829 ll,
134 781 162 821 ιιι
175 779 333 840 argumenta
347 767 484 834 queram?
506 774 568 812 cum
580 773 608 810 ιιι
625 756 652 811 in
665 754 741 812 eausa
754 762 860 832 propria
871 765 996 833 praevari-

75 842 109 906 is,
131 856 212 914 atque
224 837 296 893 illam
313 834 427 912 prodas?
448 835 490 889 En
501 831 775 895 hominemacutnm,
795 838 996 909 quemtimeanr

86 918 254 976 Cicerones,
279 919 305 969 δι
327 911 447 967 Platones
466 908 483 964 fi
506 910 661 964 revixerint.
699 911 817 964 omnino
832 908 849 966 li
864 916 996 973 Carneadi

77 992 208 1049 diendum
223 985 309 1045 fuisset
321 1004 424 1048 tecum,
445 1003 474 1040 ue
487 1003 548 1041 cum
561 982 713 1060 Chrysippo
724 984 837 1049 solebat,
859 990 885 1043 ei
900 990 998 1048 necesse

75 1069 201 1125 exorbcre
212 1082 281 1121 toras
294 1063 452 1137 Anticyram
470 1080 531 1117 cum
548 1061 621 1115 enim
637 1078 662 1115 ec
676 1061 854 1118 Dialedlieum
866 1061 996 1124 ostentas-

75 1164 85 1202 :
97 1144 131 1201 dc
142 1142 280 1221 Qralitate
291 1139 370 1195 verba
383 1135 518 1193 faciurum
530 1133 593 1192 elses
607 1138 755 1212 pollicitus,
779 1155 808 1193 ut
818 1145 998 1201 uosliatonee

75 1218 216 1280 relitteres,
238 1215 345 1272 taudem
363 1232 411 1288 pro
427 1214 503 1269 leone
519 1231 624 1268 mutem
639 1209 789 1268 ostendisti.
827 1218 864 1269 alt
877 1223 996 1277 excurris

76 1313 200 1353 rmnncnt
215 1293 302 1350 locum
317 1328 327 1355 ,
359 1299 386 1346 dt
400 1293 579 1344 Mercaturam
592 1288 705 1349 laudas,
729 1290 803 1360 cujus
821 1308 873 1366 ope
891 1290 995 1352 saecum

75 1391 96 1428 ιι
118 1374 238 1428 humano
256 1369 346 1446 generi
368 1369 510 1421 innumera
528 1364 675 1420 commoda
694 1366 869 1457 perrepianc:
897 1376 925 1425 δι
944 1369 1000 1428 hoc

75 1451 106 1520 u}
124 1466 153 1503 ut
168 1444 321 1503 sciamusne
335 1440 479 1505 Rhetorem
492 1441 575 1495 etiam
589 1458 667 1512 agere
681 1435 759 1514 posse.
798 1442 876 1518 Quid
893 1443 911 1500 li
925 1464 977 1521 ego
986 1474 999 1511 ,-

75 1545 98 1579 m
113 1523 197 1579 multa
211 1540 266 1577 non
279 1516 424 1592 profiteor,
443 1519 776 1592 opponamtibiartesear,
797 1538 855 1595 quae
868 1522 999 1583 urinrllrar

75 1601 245 1674 oluptatum?
272 1597 408 1656 Cetarios,
430 1594 530 1655 lunius,
554 1611 672 1666 coquos,
693 1590 819 1657 fartores,
838 1595 997 1670 piscatores?

76 1695 102 1732 uc
117 1677 239 1731 humano
250 1672 342 1747 generi
357 1689 413 1724 non
427 1672 533 1723 minora
544 1669 690 1723 commoda
704 1709 711 1733 ‚
737 1688 819 1745 quam
833 1690 849 1725 a
863 1676 999 1731 Mercato-

76 1753 245 1808 rroveniunt?
266 1750 393 1804 iccirconc
408 1742 470 1801 istas
483 1744 602 1800 liberales
618 1744 778 1819 appellabis?
800 1766 842 1801 atre
856 1749 884 1803 in
898 1751 1000 1807 cislau-

76 1848 82 1885 ι
95 1827 193 1902 pandet
204 1824 361 1900 eloquentia:
376 1838 428 1878 ruae
442 1821 498 1875 vela
511 1829 521 1874 ἓ
547 1821 646 1875 Verum
660 1819 752 1874 odiose
765 1823 924 1880 Ciceronem
936 1846 1000 1883 curn

76 1905 128 1960 tele
143 1920 302 1977 comparas,
330 1905 356 1953 δι
370 1900 406 1952 ais
421 1893 588 1951 Aristotelem
604 1896 701 1950 rediius
714 1894 746 1951 de
762 1899 909 1955 Mercatura
922 1904 1002 1960 verba

76 2021 82 2034 .
119 1977 168 2034 Sed
189 1974 301 2051 profer,
328 1975 504 2033 obiecture,
530 1989 590 2045 quae
611 1966 706 2026 melius
725 1971 758 2028 ab
781 1971 1003 2037 Aristotcledisla

86 2074 114 2112 ut
124 2054 294 2132 diligentiam
307 2068 381 2106 tuam
397 2051 425 2104 in
441 2045 607 2105 conferendis
619 2047 759 2104 autoribus·
767 2046 916 2107 videamus.
936 2056 1005 2114 Haeo

76 2151 98 2187 tn
119 2131 171 2200 uis)
194 2127 341 2184 Aristotelis
352 2124 500 2186 sententia,
527 2140 555 2177 ut
571 2125 772 2188 Mercaturam,
798 2141 857 2200 quae
874 2124 1003 2187 distrahit

76 2151 150 2264 eibi
165 2201 295 2280 profusius
311 2204 474 2278 suppetunt,
503 2216 614 2276 quaeque
629 2197 784 2256 commodis
798 2197 942 2261 hominurn
958 2208 1003 2262 in.

76 2302 162 2348 ,enm
176 2278 355 2355 recipiendam
371 2315 389 2343 ,‚
400 2275 655 2352 approbandamque
668 2273 843 2333 existimaret.
882 2281 1005 2347 Contra,

79 2359 140 2416 ilius
154 2359 222 2413 emit
232 2356 372 2431 quaedam,
393 2372 421 2409 ιιι
433 2352 529 2408 deinde
541 2353 628 2408 carius
639 2351 751 2415 vendat,
772 2372 833 2409 eam
843 2356 1004 2430 prorsusex.
1032 2393 1035 2400 ,

76 2454 131 2498 tet,
161 2432 234 2489 ltaud
252 2431 338 2486 multo
352 2427 422 2485 secus
436 2435 462 2484 δι
477 2447 535 2501 qux
551 2426 732 2484 iustrumenta
743 2429 861 2487 luxurie
879 2430 1003 2508 suppedi-

76 2508 125 2567 lsee
138 2529 153 2565 c
166 2511 273 2566 civitate
286 2509 342 2578 jure
354 2504 528 2562 exturbanda.
569 2504 693 2559 Haeccine
710 2502 769 2559 sunt
782 2540 792 2568 ,
820 2525 880 2581 quae
892 2508 959 2565 dicis
969 2511 1007 2566 ab

76 2589 133 2643 ›telc
147 2586 264 2646 melius,
290 2600 372 2658 quum
388 2584 543 2637 aCicerone
556 2574 785 2653 praeceprafuissc?
807 2584 915 2646 Primo,
937 2583 1005 2642 siti·

77 2662 178 2718 rcedam
194 2697 203 2723 ,
231 2660 281 2715 hoc
296 2677 387 2712 retum
402 2652 474 2718 ell'c,
503 2655 574 2711 nulla
587 2673 676 2709 tamen
692 2659 742 2711 crit
754 2657 830 2734 culpa
846 2660 1005 2719 Ciceronis:

76 2741 130 2794 nim
145 2736 206 2794 ideo
217 2733 385 2791 damnamlus
397 2731 436 2788 cst
448 2734 559 2794 Cicero,
579 2731 653 2806 quod
666 2749 699 2787 eo
711 2733 805 2789 melius
816 2733 917 2810 aliquid
928 2735 1008 2793 dites

76 2812 207 2870 istoreler.
227 2809 276 2867 Sed
292 2830 347 2865 non
363 2806 448 2864 finam
462 2825 488 2864 te
501 2807 550 2863 ista
563 2804 615 2863 srui
630 2807 779 2880 voluptate:
800 2829 863 2865 nam
881 2810 951 2868 nihil
965 2810 1006 2869 esi

76 2909 128 2947 tre
141 2889 246 2946 didium
258 2887 291 2942 ab
306 2882 460 2948 Aristotele,
481 2882 555 2960 quod
570 2902 625 2938 non
642 2882 714 2938 idern
728 2882 808 2962 lunge
818 2887 948 2962 politius,
973 2908 1006 2945 ac

78 2965 317 3024 edixetieCieero,
336 2962 409 3033 eujus
422 2958 477 3017 haec
489 2979 518 3016 ιιι
529 2961 609 3015 rerba
620 2977 675 3014 uon
689 2958 870 3018 considerasti.
889 2967 1007 3020 Primum

77 3039 340 3114 laururiipuaeflur,
366 3039 411 3110 qui
422 3041 451 3093 in
463 3040 521 3094 odiu
531 3037 655 3093 huminum
666 3039 826 3103 incurrunt,
852 3052 880 3093 ur
893 3044 1006 3112 portico.
1094 3033 1098 3041 '

97 3133 126 3174 ur
131 3115 316 3194 feneratorum
333 3136 339 3168 :
364 3113 498 3170 idiieruler
510 3126 595 3169 aurem
610 3114 642 3171 d·
649 3109 756 3185 sordidi
766 3113 869 3189 questus
879 3135 1007 3172 mercena·

77 3214 93 3248 n
105 3231 113 3257 ,
139 3195 296 3266 omniumque
307 3209 413 3264 quorum
426 3204 522 3264 opere,
547 3207 597 3244 nm
606 3205 712 3260 querum
724 3202 794 3245 urus
804 3204 940 3247 emuntur:
969 3192 1013 3271 ej?

77 3274 104 3327 in
116 3271 173 3326 illis
186 3266 242 3341 ipsu
255 3286 345 3323 mercer
356 3278 561 3322 autoramentum
565 3260 717 3338 servituris.
747 3268 860 3321 Sordidi
870 3270 948 3323 elium
956 3285 1009 3345 pus

77 3368 108 3409 t,
136 3347 362 3416 puimcreaururu
375 3342 576 3403 mercatoribus,
601 3337 765 3413 quudjiurim
777 3345 912 3399 vendant.-
941 3346 1009 3403 nibil

77 3423 234 3499 proficiunt,
261 3418 310 3491 nist
326 3420 458 3473 admodum
475 3422 650 3472 mentiuntur:
677 3434 720 3471 nee
739 3435 801 3472 uero
819 3422 1007 3497 quiequaemest

77 3520 95 3556 ts
108 3501 241 3553 uanitate.
280 3495 433 3568 Opificesque
443 3512 524 3549 omnes
541 3496 569 3547 in
576 3490 687 3567 sordida
700 3506 760 3547 urle
771 3491 912 3569 versentur
927 3521 935 3553 t
965 3517 1010 3556 nee

77 3580 212 3650 quicquum
230 3575 362 3644 ingenuum
377 3571 468 3626 lrulere
481 3567 559 3643 preest
572 3566 683 3644 officina.
722 3570 880 3646 Minimeque
891 3586 961 3631 urm
975 3588 1011 3632 ee

77 3655 151 3714 uda,
177 3643 631 3721 ᾳιιινιιιίιίβιίβιιιιιιοΙιιριιιιιιιιι,Ι
656 3643 757 3699 Ceurir‘
769 3683 777 3708 ,
803 3647 893 3712 lunii,
918 3654 1011 3723 coqui,

77 3746 129 3795 ur,
151 3721 313 3802 piscaturus,
339 3721 580 3782 uruirTrrmrr‘ure
600 3720 736 3794 uddelrt,
744 3720 878 3801 ssplueer,
897 3738 1009 3813 unguem¹

912 3813 1012 3871 mim
