2490 4500
90 322 201 399 laetula
211 332 514 417 preteritarecotdatur,
535 332 681 412 presentia
695 336 836 415 perspicit,
857 342 885 396 ἀ
898 336 1024 416 prospicit
1031 256 1081 396 ln3

89 422 144 474 lura.
173 434 263 473 utnon
278 417 365 491 magis
379 413 475 478 l’lato,
504 432 586 488 quarn
599 416 696 469 Cicero
708 418 874 489 prudentiam
883 418 979 473 aculem
992 416 1079 490 appel·

89 488 265 553 leretideatur,
286 488 328 546 sed
342 491 424 545 etiarn
440 487 522 546 Arist.
536 489 606 545 ridet
618 488 689 547 hunc
701 490 819 548 oculum.
850 494 897 563 qui
914 492 941 547 in
955 490 1029 550 serto
1040 492 1078 548 E·

89 566 197 627 tlicorttm
210 573 336 623 virtutem
349 566 420 622 illam
433 569 593 641 prudentie,
619 585 696 639 qnam
711 564 811 639 dirupti
828 568 880 643 ipse
899 582 998 635 vocer,
1022 585 1078 642 qu

89 647 184 720 rililesl
202 648 278 700 eliud
293 662 369 716 quarn
390 645 521 698 naturalis
538 644 648 715 quedam
664 644 860 699 stabilitatione
872 646 984 720 inquam
997 657 1077 700 nata·

89 724 148 781 alm
159 726 212 777 vim
224 720 391 795 perspiciendi
401 722 497 775 oculum
509 719 627 793 appellat.
647 723 692 791 qui
705 723 799 775 morali
810 725 910 777 uirtute
925 716 1077 796 impreffione

89 802 200 855 altreie
213 798 352 871 perficitur.
375 813 407 850 et
419 795 516 869 quibus
526 792 600 858 saeile
612 794 721 869 perspici
734 794 837 871 potest,
852 796 955 854 laudem
969 798 1078 855 Cicero-

89 876 113 933 it
122 894 182 932 eunt
200 871 282 929 Arist.
296 879 322 927 &
335 869 452 927 Platonis
464 869 541 928 laude
555 872 685 949 conjungi
696 890 829 948 oportere.

236 1023 407 1093 radicem
425 1025 507 1092 citt
525 1026 704 1129 ratcrgnnt
719 1023 894 1117 riputati.
971 1018 976 1033 '
1065 1104 1072 1123 ..

89 1184 231 1333 )Vpler
247 1183 363 1239 omnino
375 1181 480 1255 jocandi
492 1200 586 1260 genus.
606 1200 690 1236 unum
706 1180 850 1245 illibetare,
871 1183 1006 1257 petulans,
1028 1186 1078 1245 tia-t
1158 1224 1160 1231 ι

142 1257 287 1335 gitiosnm,
306 1258 478 1316 obseoenum:
499 1257 609 1314 alterum
625 1260 747 1336 elegans,
770 1259 926 1324 urbanum,
954 1263 1079 1340 ingenio-

89 1358 140 1403 trrt,
160 1336 289 1394 facetum.
326 1353 383 1411 quo
402 1352 497 1413 genere
517 1354 572 1389 non
587 1335 670 1390 modo
687 1334 792 1390 Plautus
809 1332 914 1397 noster,
936 1344 961 1395 δι
978 1341 1078 1395 Attico.

89 1434 125 1471 tttt
133 1416 248 1488 antiqua
257 1411 419 1475 Cometdia,
440 1407 574 1467 sedetiam
587 1409 809 1486 philosophorum
825 1415 948 1471 Socratici
961 1415 1022 1472 libri
1036 1434 1079 1472 re-

89 1492 126 1547 ati
140 1490 211 1548 sunt.
233 1492 274 1542 De
286 1488 351 1559 jocis
364 1487 491 1544 Plautinis
504 1484 554 1542 stat
570 1490 700 1543 Horatius
712 1484 835 1543 adversus
847 1492 1026 1550 Ciceronem:

139 1562 182 1626 'At
195 1564 275 1637 nostri
286 1567 382 1638 proavi
399 1566 534 1619 Plautinos
548 1565 580 1624 du·
592 1584 720 1627 numeros,
742 1567 774 1624 ἀπ’

140 1644 295 1700 laudavere
301 1638 386 1715 seles:
407 1643 513 1695 nimium
521 1643 650 1710 patienter
660 1654 811 1713 utrumque,

137 1722 271 1777 Nedicarrr
278 1714 372 1786 scelte,
389 1720 493 1771 mirari.
510 1715 611 1781 timido
620 1737 663 1790 ego
676 1720 708 1776 dr·
721 1722 785 1780 nir,

134 1798 232 1851 Scimus
245 1794 396 1849 inariarutrt
410 1791 706 1866 lepidefi’puneradilir.

102 1874 127 1930 Si
143 1872 221 1927 detur
233 1885 322 1940 tamen
338 1865 406 1923 milti
420 1868 485 1941 liber
498 1867 632 1939 judicandi
653 1870 750 1929 locus,
777 1867 805 1922 in
825 1870 965 1924 Ciceronis
986 1873 1082 1933 malim

90 1968 146 2006 tam
161 1946 268 2004 l-loratit
281 1942 435 2021 senteptiam
446 1943 610 2016 descendere.
638 1947 713 2000 Nam
729 1944 877 1999 multotum
898 1945 967 2001 milti
983 1955 1009 2005 &
1023 1949 1084 2008 salit

90 2023 193 2086 :selltr,
214 2018 411 2078 &facetiarum
426 2021 641 2076 &scommatum
661 2018 754 2075 babere
767 2022 869 2074 videtur
885 2021 989 2081 Plautus
1004 2060 1013 2088 ,
1042 2028 1083 2099 jo.

90 2100 154 2177 isque
166 2106 193 2155 &
206 2098 323 2171 personis
337 2095 514 2171 pulcherrime
528 2092 664 2154 inservire.
683 2114 712 2151 ut
726 2095 818 2151 mirari
829 2096 1084 2173 subeatHotatium,

90 2174 215 2247 ‚rarissimi
232 2174 331 2247 alioqui
344 2174 434 2247 judicii
449 2173 620 2246 scriptorem,
642 2190 696 2227 tant
714 2173 805 2244 inique
820 2169 895 2245 super
908 2174 971 2244 jocis
986 2176 1085 2234 Plauti-

90 2256 113 2311 tit
123 2247 264 2308 decidisse:
285 2248 359 2326 quod
375 2248 434 2304 satis
448 2246 573 2311 constet,
600 2267 662 2304 enm
679 2250 813 2303 inritatum
829 2243 876 2302 etse
888 2251 1005 2307 Siculum
1021 2256 1086 2331 Epi.

90 2328 221 2397 ltatmum,
241 2344 321 2413 quem
336 2326 431 2403 Cicero
445 2327 472 2380 iu
487 2326 604 2398 quadam
621 2325 653 2380 ad
669 2327 786 2379 Atticum
799 2320 908 2399 epistola
919 2324 1084 2407 trafrrmap÷

90 2406 155 2462 ellat.
197 2406 231 2459 Et
245 2406 305 2459 lane
319 2399 423 2466 constat
439 2438 447 2464 ,
468 2402 567 2458 Siculos
582 2401 706 2456 homiues
721 2399 754 2465 ati
768 2401 826 2483 joca
837 2407 862 2457 dt
879 2402 952 2458 dista
967 2407 1085 2463 multuita

90 2481 200 2537 cuminis
214 2472 339 2536 habuisse·
378 2480 437 2535 Nee
457 2474 575 2555 profesto
594 2477 698 2551 uidetur
717 2480 847 2535 Horatius
868 2476 918 2535 hoe
937 2479 1083 2558 ignorasse,

95 2576 152 2614 num
168 2557 255 2613 dixit:
461 2560 464 2567 ‘

90 2576 94 2633 Ι
142 2636 256 2691 Plautus
267 2630 450 2705 adempletur
464 2632 546 2688 Siculi
554 2645 693 2708 properare
705 2634 849 2708 Epicharmi

143 2713 260 2767 Dicitur.

108 2780 202 2843 Movet
213 2802 261 2851 rne
275 2799 382 2859 quoque
396 2783 525 2839 Varronis
537 2784 679 2846 autoritas,
700 2785 747 2858 qui
766 2784 797 2838 in
814 2785 922 2842 censura
939 2784 1087 2845 comoedia·

91 2882 130 2923 rm
142 2864 325 2921 Plautianum
339 2876 394 2915 non
407 2860 462 2919 alio
474 2855 529 2932 sere
542 2858 704 2937 argumento
719 2858 778 2914 usus
791 2857 843 2922 est,
864 2880 946 2939 quum
954 2860 1086 2940 easasup=

92 2934 195 2997 ofititiis
204 2937 359 2997 secerneret,
381 2933 431 2991 nist
444 2933 518 3009 quod
533 2954 592 3011 qnae
603 2937 705 3008 jocis&
720 2933 817 2992 lufibus
829 2937 1022 3002 redundarent,
1043 2957 1089 2995 eat

91 3016 256 3073 tcunstanter
269 3013 407 3088 ,omnique
424 3011 544 3067 abdicata
555 3011 722 3068 dubitatione
736 3012 870 3070 Plautinas
884 3015 1087 3088 pronunciabat.

91 3090 145 3147 tdde
164 3088 240 3169 qnod
259 3091 288 3143 in
310 3086 359 3144 hoe
377 3105 473 3167 genere
493 3087 573 3164 longe
586 3089 643 3161 plus
659 3085 722 3143 fidei
734 3089 858 3144 Ciceroni
874 3110 955 3164 quam
973 3093 1092 3153 Horatio

93 3170 159 3239 iberi
175 3162 297 3243 patella
325 3182 415 3241 utpote
430 3182 515 3240 quum
530 3165 668 3229 Ciceronis
679 3166 754 3238 jocos
768 3165 925 3241 collegerit,
954 3172 979 3223 dc
996 3169 1024 3231 in
1039 3166 1088 3225 att:

91 3261 134 3317 ¹ttttt
144 3243 287 3301 uolumina
299 3235 431 3317 digesserit
447 3241 524 3316 Tyro
537 3240 661 3304 libertus,
685 3239 849 3298 sicreditnu‘s
859 3242 1045 3319 Quintiliano.

234 3388 293 3451 M.
312 3384 391 3467 Ant.
410 3383 591 3475 Majortrgii
610 3364 728 3468 Decific
745 3380 921 3451 undecima.

151 3541 238 3617 Vpler
260 3536 364 3611 jocandi
384 3553 468 3614 genus
483 3536 521 3591 ait
534 3530 583 3599 else
596 3538 716 3592 Cicero:
741 3552 826 3593 unum
843 3540 992 3606 illiberale,
1015 3556 1089 3620 pela-

151 3620 224 3681 lanr,
236 3618 418 3691 flagitiosum,
439 3611 587 3689 uiscerum:
608 3613 719 3669 alterum
735 3616 854 3699 elegans,
874 3621 1019 3683 arianum,
1046 3626 1088 3675 irr-

91 3692 194 3766 'etiefmn
210 3730 218 3758 ,
239 3692 350 3769 feretum
366 3711 373 3745 :
399 3707 454 3763 quo
467 3708 562 3768 genere
578 3708 632 3744 non
648 3688 733 3745 modo
750 3692 856 3749 Plautus
869 3692 975 3759 noster,
996 3703 1022 3754 δι
1040 3700 1089 3750 At-

91 3768 304 3850 iturumarttiqua
312 3767 474 3832 Comoedia,
496 3763 539 3825 sed
552 3767 635 3831 etlam
650 3762 875 3842 Philosophorum
888 3775 1013 3830 Socratici
1025 3771 1089 3828 libri

777 3861 795 3920 r
820 3866 831 3920 5
1045 3871 1087 3910 ιε·
