2490 4500
206 261 276 360 146
429 258 599 334 Anni
648 262 962 337 Miuveii

205 379 308 427 nomine
330 372 459 438 suppliciter
481 391 549 440 petat.
569 378 699 429 identidem
763 384 821 445 Papa
835 379 887 422 Pius
903 377 975 436 sedem
988 372 1109 440 tapsensem
1124 364 1204 422 dcccliii

206 441 340 502 pollulans.
364 451 406 494 ut,
428 454 479 504 que
497 438 615 503 dispono,
648 456 698 507 qun
825 440 882 484 idem

206 500 292 550 testor,
306 499 357 562 pius
374 499 451 549 Pasior
464 514 558 564 paterna
572 502 706 566 indulgen.
794 502 893 547 cardineo
905 501 992 545 ornauit
1011 510 1112 546 menete,
1139 504 1202 557 gratu

132 600 136 605 .
205 562 238 608 tia
251 560 346 624 probet,
362 565 446 611 &non
462 575 551 618 mutet,
567 562 697 612 familiam·
824 568 891 607 domo.

205 634 252 687 que
266 636 346 669 mcim
359 622 388 670 dc
409 638 449 670 me
469 623 568 672 fideliter
587 627 695 674 meritam
761 626 832 687 Qem
844 625 897 668 colui
914 624 1002 673 uiuent,
1020 636 1061 666 noir
1073 620 1146 683 sinque
1157 630 1200 663 intr·

204 687 243 747 pie
256 682 403 739 consoletur,
419 689 442 734 dt
459 687 527 744 juver.
560 692 590 733 Vr
603 700 657 735 vero
666 689 695 737 ad
823 697 881 730 rum·
896 685 1004 739 hfivsmi
1065 709 1068 715 ·
1158 688 1194 733 '.

204 746 371 809 gloriachi,
381 750 404 795 δι
414 749 569 810 integritatem
585 764 696 799 commu·
792 750 822 793 Er
840 760 903 812 prope
920 745 998 804 fitilla
1016 746 1087 810 pmi'
1098 741 1156 802 Μ’
1170 738 1202 799 ᾗ

206 808 287 854 irionis
301 806 394 856 fidelius
404 807 563 871 perseverantis
573 811 627 858 licet
643 822 693 873 pec·
822 811 883 853 cubo.-

205 871 289 917 catoris
310 866 365 917 servi
385 882 459 932 pateat
479 869 552 926 fides,
571 872 616 918 alra
637 887 693 920 voce
760 872 883 933 Viuirequi'
894 866 1201 930 legitii,ule]lt'cqtiarite.et·

204 929 317 992 profiteor
329 930 426 980 teruiss'e
440 934 608 980 mealavacro
622 931 693 981 siritii
819 933 864 990 stra
881 933 921 975 liae
1188 938 1192 947 '
1216 968 1220 977 .

204 989 432 1058 Idaptismaticusquc
446 995 471 1040 in
488 993 552 1040 diem
562 992 691 1056 presentem
791 997 817 1038 In
837 996 914 1038 cinerei
934 992 1021 1037 tandem
1038 990 1109 1053 gloria
1120 998 1162 1033 rora
1174 996 1217 1049 te·

205 1054 309 1101 lindiam
326 1055 485 1103 orthodoxam
506 1055 588 1102 Fidem
604 1057 694 1106 Catho-
820 1057 863 1100 dir.

196 1115 292 1171 licam,
314 1114 449 1180 symbolum
464 1114 493 1163 ab
506 1118 624 1178 Apostoiis
637 1134 694 1166 eon·
761 1114 802 1162 Sin
816 1113 872 1162 alibi
888 1115 913 1162 in
929 1113 996 1161 ltalia
1013 1110 1107 1160 obitum
1130 1120 1198 1159 niu

203 1175 295 1232 ditoni,
310 1177 479 1242 expositionem
495 1177 550 1225 fidei
564 1181 694 1243 magniNi-
728 1172 773 1224 esse
786 1178 920 1240 contingat,
939 1179 1046 1222 Romam
1059 1174 1199 1221 nihilonint

204 1241 261 1286 catii
271 1241 390 1287 concilii:
405 1236 608 1288 anathematizasse
621 1243 692 1290 etiam
728 1239 758 1286 ad
779 1236 841 1286 hunc
862 1236 937 1300 ipsum
958 1237 1040 1283 locum
1059 1236 1115 1283 tolo
1133 1240 1199 1295 torp!

196 1307 257 1355 me,
281 1302 305 1348 dr
319 1300 513 1348 anathematizare
527 1316 627 1350 omnem
648 1303 693 1352 hcc·
729 1314 811 1346 meum
824 1299 917 1349 referri,
932 1299 994 1346 dista
1006 1298 1054 1353 jam
1067 1297 1153 1344 rarione
1162 1296 1196 1343 lin·

202 1360 272 1409 refim
293 1364 447 1410 extollentem
465 1359 487 1408 sc
507 1360 625 1411 adversum
644 1360 693 1413 san-
729 1361 853 1408 mnndum.
868 1361 971 1408 Tiarisal
1018 1373 1072 1406 vcro
1085 1370 1122 1405 aut
1135 1370 1198 1411 marei,-

201 1422 274 1477 trani,
285 1426 309 1471 ce
319 1425 495 1471 immaculatam
504 1422 585 1479 fidem,
603 1427 628 1472 in
637 1441 691 1490 qua,
728 1423 753 1468 in
763 1423 888 1471 cathedrali
903 1423 963 1469 eccle
973 1436 1007 1474 ia,
1022 1421 1048 1466 in
1059 1418 1199 1489 cujutrelei·

202 1495 229 1529 ot
243 1484 333 1531 ditium
350 1484 396 1538 esi,
412 1487 487 1532 vivere
500 1487 524 1532 dc
540 1488 601 1533 mori
615 1489 693 1535 interi·
727 1486 812 1535 vitare,
827 1485 863 1532 vel
874 1483 967 1531 dioecesi
980 1478 1198 1531 metrocatiosuem

202 1542 250 1591 do:
283 1545 330 1594 hoc
347 1542 443 1608 hquens
462 1545 615 1596 consesiionis
633 1564 691 1598 mete
728 1549 795 1592 Tunc
818 1561 873 1594 vero
905 1544 1042 1592 exsecutoris
1066 1557 1121 1590 cura
1139 1538 1220 1602 septi·-

195 1605 381 1669 'chirographum
403 1608 564 1670 omnipotenti
583 1613 637 1657 Deo
665 1613 690 1658 in
727 1606 808 1654 chrum
822 1605 1217 1670 relinquens,quinstumtantun‚'

194 1676 306 1715 'extremo
325 1668 412 1725 ¹{udicio
431 1665 600 1731 repraesentaris.
632 1675 691 1720 Cre-
729 1671 753 1717 &
768 1668 855 1716 lcitum
872 1666 960 1717 versum
975 1667 1041 1714 demi
1057 1680 1085 1713 er
1098 1662 1220 1774 efflei

200 1726 233 1775 do
244 1728 288 1777 &o
305 1733 396 1793 Corpus
405 1744 486 1778 menni
501 1733 688 1781 contaminatum
727 1732 792 1777 volo.
827 1729 974 1792 Vbicumque
988 1740 1068 1792 autem
1085 1742 1112 1774 ex
1188 1755 1196 1779 ,

194 1788 295 1853 'flagitiis
305 1792 358 1840 licet
373 1792 495 1855 indignum
507 1791 547 1841 sit¹
563 1792 690 1843 cuihabea-
727 1792 858 1840 testamenii
874 1791 1060 1844 institutionem,
1075 1803 1124 1853 qua
1139 1785 1198 1853 sequi

198 1856 236 1899 sur
245 1852 337 1908 honor,
353 1849 492 1916 sepulcrique
504 1853 578 1901 facilis
591 1852 619 1902 sit
630 1854 690 1903 scin·
726 1866 777 1906 tur,
797 1855 863 1902 volo.

216 1928 240 1960 cr
259 1914 355 1971 iadiura,
378 1915 494 1964 rationem
508 1928 588 1963 tamen
602 1915 689 1966 habens
760 1915 883 1977 Impendit
897 1911 998 1969 funeris,
1011 1904 1198 1976 quaeidtiiterlii

193 1922 332 2045 gignimus,
347 1992 418 2040 quam
428 1976 492 2024 dedit
499 1975 611 2032 Ecclesia,
626 1982 689 2026 Pon-
727 1972 833 2023 solamen
842 1974 984 2037 superstitum
994 1975 1083 2040 inagis,-
1093 1971 1198 2083 puemit-

197 2038 290 2085 tisicalis
298 2053 394 2111 quoquc
404 2037 489 2095 officii,
503 2053 543 2102 per
550 2039 616 2101 quod
626 2039 687 2101 plebi
725 2035 862 2085 functorum
872 2039 987 2091 levamen,
997 2037 1089 2090 solent,-
1104 2044 1197 2083 utrm

147 2122 160 2151 e
192 2097 383 2147 'honoratissiniae
404 2099 499 2163 prefui,
532 2097 595 2148 sacra
615 2103 686 2149 eriam
726 2100 794 2146 mille
809 2098 946 2146 ducatorum
967 2112 1092 2144 aureorum
1106 2106 1198 2144 verou-

198 2160 387 2224 undionisiqua
394 2175 432 2223 per
440 2160 580 2210 invisibilem
588 2156 685 2225 speciem
725 2160 818 2214 cedere,
833 2163 911 2224 inqua
926 2159 1056 2207 includatur
1069 2154 1198 2206 eriamvesi·

191 2220 320 2286 ,invisibilis
332 2225 364 2270 est
372 2219 491 2284 impressus
503 2223 628 2279 charasitr,
643 2236 687 2273 trr-
724 2234 761 2269 tiis
769 2221 873 2269 familiae.
907 2227 1003 2284 Qianto
1015 2217 1199 2268 heremiticam

197 2282 222 2329 di
237 2297 280 2330 oro
294 2281 442 2347 ecclcfinsticae
463 2281 594 2346 sepultura,
617 2297 686 2350 atque
724 2296 761 2330 tur
774 2285 874 2345 parcius,
889 2295 955 2330 tauro
969 2283 1013 2329 erit
1027 2282 1135 2344 pleniust·
1148 2276 1201 2328 uos!

195 2343 225 2388 lis
238 2341 365 2406 infignibus
385 2343 541 2398 adornatum,
561 2360 612 2407 quae
626 2362 683 2394 con·
726 2347 750 2392 δε
768 2347 805 2392 illi
821 2342 935 2398 benefiat,
951 2347 975 2393 δι
990 2359 1049 2391 nieae
1064 2343 1199 2391 animatio·

196 2400 293 2451 suetudo
307 2403 378 2451 nostri
392 2403 481 2452 ordinis
497 2406 559 2453 tulit.
593 2410 620 2452 Sa
636 2407 685 2455 iant
724 2403 816 2454 siilatur.
837 2411 974 2468 Supervacua
987 2420 1030 2452 nec
1044 2407 1136 2476 placent
1147 2408 1200 2457 ltu,

194 2474 276 2512 tamen
291 2467 375 2514 omnia
387 2465 526 2514 modestiam
539 2421 684 2524 somniem,
725 2482 767 2515 ncc
798 2467 875 2515 laudea
902 2470 962 2514 inter
986 2467 1099 2514 homines
1119 2463 1200 2517 habent

195 2540 248 2574 tion
263 2522 332 2575 seculi
344 2541 465 2589 pompam.
501 2528 638 2584 sitione,
660 2545 685 2578 ur
724 2528 814 2576 Transit
830 2530 892 2577 brevi
913 2529 1031 2576 memoria
1053 2527 1154 2582 funeris,
1168 2524 1200 2573 sia

196 2600 267 2650 opto,
283 2589 385 2651 morior,
393 2589 465 2638 condi
474 2591 541 2651 cupio
555 2591 581 2637 in
595 2588 685 2640 bafilica
723 2602 860 2653 permanent
873 2590 970 2637 damna.-
1000 2594 1119 2652 Tempora
1132 2587 1200 2637 inhot

194 2649 364 2711 Apostolorum
378 2651 572 2713 principispetri,
587 2653 638 2715 posi
652 2656 686 2702 nl·
722 2666 812 2714 patrum
826 2651 958 2700 nostrorum
980 2652 1055 2715 magis
1071 2649 1122 2700 sunt
1136 2660 1200 2698 antae

192 2712 241 2759 lare
264 2709 325 2760 beati
342 2713 465 2774 Gregorii,
488 2712 518 2759 ad
534 2712 637 2762 dextram
652 2713 687 2764 se·⁴
722 2713 813 2767 denda,
825 2719 897 2778 quiin
917 2713 1006 2767 nostri,
1029 2713 1072 2778 qui
1086 2713 1156 2777 gloria
1168 2710 1201 2758 be·

191 2773 283 2833 pulchri
293 2772 412 2821 Pontificis
421 2775 469 2829 Pii,
485 2787 523 2829 ut,
538 2777 579 2838 qui
589 2791 628 2823 mc
644 2793 684 2824 cx·
722 2773 885 2830 nefastorum,
902 2788 952 2822 non
968 2776 1090 2823 luminum
1106 2772 1200 2821 mullitu-

189 2834 248 2893 *tulit
264 2834 358 2889 vivens,
373 2846 471 2884 moruus
484 2837 546 2895 juxta
559 2834 581 2883 se
594 2837 684 2885 habeat.
721 2835 792 2890 dinc,
826 2836 932 2884 illustrari
953 2836 1066 2884 volcbal!
1088 2832 1199 2898 sepulchl*
1223 2890 1226 2895 ,

195 2896 278 2943 Condi
300 2896 361 2944 illud
378 2893 454 2959 ipsum
469 2897 536 2944 humi
550 2898 610 2945 volo
622 2914 685 2946 mar-⁴
722 2897 844 2962 Qudquid
853 2899 953 2960 amplius
964 2896 1083 2948 sumetur,
1097 2891 1200 3006 puidquii

194 2970 263 3005 more
276 2970 368 3006 tantum
390 2974 440 3005 riori
462 2973 515 3007 caio
535 2960 686 3016 contcshrm,
720 2964 772 3020 plus
787 2959 929 3021 erogabitur,
944 2961 1063 3021 piaculum
1077 2956 1200 3007 ereum

193 3019 260 3081 quod
273 3020 354 3082 parieti
363 3019 459 3068 ecclesiae
476 3022 628 3080 conjundium
644 3021 686 3069 ha·
720 3021 762 3069 fir.
785 3037 835 3068 uon
845 3034 969 3129 peccatum
994 3018 1069 3070 sobria
1085 3016 1198 3068 statuant

189 3072 248 3127 beat
255 3093 328 3144 caput.
343 3085 371 3129 Iri
380 3078 429 3143 ipso
445 3095 522 3129 autem
537 3083 623 3144 pariete
638 3081 684 3130 ho·
722 3082 830 3129 Castrum
862 3083 934 3130 oloris
953 3081 1035 3130 tubiro
1057 3078 1199 3146 anguillula
1219 3074 1223 3085 '

191 3142 252 3189 'tiore
260 3141 364 3190 detinui
374 3143 494 3191 Pontificis
503 3141 533 3189 ad·
541 3143 682 3191 memoriani
720 3145 815 3192 circuitu
828 3141 870 3197 sir,
892 3157 963 3206 quam
983 3144 1093 3193 nostratia
1114 3139 1199 3190 sotum

191 3216 272 3250 meam
282 3204 317 3252 nil
326 3201 455 3254 fabricetur.
471 3207 604 3252 Marmorea
618 3204 684 3254 tabu·
719 3204 768 3268 lpse
777 3208 847 3252 ctiam
856 3205 929 3252 letius
942 3204 971 3252 ad
980 3207 1156 3268 proportionem
1163 3214 1198 3248 an-

190 3262 215 3310 ia
237 3265 299 3312 uinis
311 3264 383 3313 tribus
397 3281 410 3313 a
424 3279 481 3315 term
495 3265 583 3312 exstans
604 3268 684 3326 parieti
719 3267 813 3330 gustioi.
847 3271 948 3315 Stratum
965 3280 1020 3315 veto
1042 3267 1114 3322 letti.
1143 3259 1201 3328 quos

190 3316 314 3392 inseratur,
328 3343 378 3391 quae
399 3324 464 3389 supra
482 3322 627 3388 sepulchrum
643 3342 683 3390 pa·
720 3330 817 3390 palliuni
827 3326 924 3382 dicitur,
939 3327 968 3374 ad
984 3342 1049 3376 vetus
1061 3328 1198 3391 amptum,

163 3443 166 3447 Ι
190 3387 241 3432 iteri
255 3386 316 3434 infici
325 3389 469 3459 epitaphium
478 3388 574 3451 sequeris
583 3387 681 3437 incisum
720 3406 748 3438 ex
770 3388 872 3452 simplici
888 3386 1028 3438 damasceno
1045 3390 1148 3439 violaceo
1161 3383 1198 3438 sti

189 3437 260 3494 bonis
276 3449 357 3497 litteris
370 3449 460 3498 habeat.
720 3451 769 3510 sire
782 3453 834 3500 ullo
849 3451 952 3498 omnino
966 3464 1042 3506 auro,
1063 3464 1103 3499 aut
1114 3456 1198 3515 “dms

221 3509 682 3576 Luctum,Senalegtfttitmi'bt‘patrir‚
720 3512 824 3560 fimbrias
839 3513 937 3559 laterum
960 3511 1049 3560 habens
1064 3528 1093 3561 ex
1112 3508 1201 3571 simplic!

284 3587 358 3617 nomen
719 3576 777 3623 irem
791 3571 930 3622 damasceno
944 3575 1052 3622 caelestini
1067 3570 1198 3626 cotodoit

189 3686 193 3694 ,
251 3630 314 3678 Dion
327 3634 494 3691 vixilccabur,
508 3650 565 3682 mens
582 3636 682 3705 hinepro
718 3634 804 3700 quibus
817 3632 933 3683 laterasin
965 3633 1200 3699 insimularentur!

280 3709 363 3757 genere.
714 3697 817 3762 infigam
830 3695 927 3746 familie
934 3649 1049 3747 habetat·
1062 3696 1125 3752 Veto
1136 3690 1203 3799 infligi

1149 3769 1181 3805 citt
