2490 4500
199 250 390 385 arri9stadrertit
412 327 521 387 tandem
534 329 693 387 Ciceronem
708 320 828 387 deliuili'e
861 341 928 385 arcet
940 316 1034 387 officii.
1051 341 1081 383 at
1091 344 1138 387 eat
1148 316 1202 391 des*
1213 320 1223 365 '·

200 403 320 461 ultiones
332 406 369 459 ita
381 422 492 462 conatur
504 402 657 469 ronfirtare,
671 424 701 463 ut
714 425 762 463 nec
775 403 827 463 illia
839 344 922 461 belem
936 402 1010 465 suam
1021 403 1130 471 liberet,
1142 394 1201 481 quus

201 481 308 557 generis
320 497 375 535 non
389 484 505 553 partium
523 479 710 539 definitionem
729 477 899 557 promiserit,
919 498 968 535 nec
991 479 1093 537 idonea
1108 481 1199 541 videro

203 572 247 611 tur
267 550 325 611 else.
353 575 379 611 at
395 576 484 614 utrum
497 576 599 637 genus,
620 576 655 614 ao
672 572 759 632 partes
770 555 835 632 quid
849 552 909 613 effer
920 554 1108 630 explicandum
1121 554 1199 619 fuerin
1233 606 1237 611 .

203 632 267 688 saris
278 630 326 688 dis
339 651 442 689 uratum
453 628 504 690 est.
524 632 664 691 videamus
677 652 749 691 nunc
760 651 796 689 an
806 634 903 689 idonea
914 629 975 689 usus
987 628 1018 687 st
1031 630 1161 707 utriusque
1167 626 1206 699 ὁῖ
1221 630 1237 689 1

204 704 258 763 ficii
274 646 439 765 desbitione.
467 710 546 765 verba
558 711 698 766 Ciceronis
718 704 773 767 liae
792 706 863 765 sunt.
882 720 960 781 arque
976 728 1008 765 ea
1019 706 1060 781 fic
1078 708 1200 783 definient,
1222 780 1237 791 -

204 799 235 841 ιιι
250 784 345 840 cessum
358 788 427 858 quoti
435 785 491 859 fir,
511 788 543 841 iu
552 784 688 863 petsel‘lunr
701 780 807 861 officiunt
824 774 871 855 effi
888 784 1032 858 definiunt,
1049 788 1151 843 merim
1163 802 1200 859 cpe

203 873 255 917 tem
267 858 372 936 offitium
386 865 417 917 id
424 858 469 935 effi
477 865 581 924 ditant,
595 864 676 936 quod,
688 880 732 918 car
738 859 900 937 fillumfit,
918 862 989 917 ralla
998 858 1202 935 probabilirtrsal
1223 912 1234 917 -

201 933 287 1013 poffit.
327 939 359 993 ln
371 955 482 1009 utraque
492 937 588 995 Caelius
602 939 690 1007 inquit
705 955 802 1015 genus.
821 936 843 991 i.
854 954 934 1012 caput
945 931 1113 993 defiuitionit
1125 930 1201 999 dale,

205 1032 255 1070 nec
268 1015 371 1076 miror,
392 1030 447 1069 non
460 1015 534 1069 enim
544 1015 598 1069 rim
611 1010 697 1069 officii
709 1012 851 1090 analogam
867 1007 917 1069 else
931 1012 1009 1067 uidit.
1028 1008 1131 1069 dixilIet
1144 1014 1202 1073 eri·

204 1090 235 1147 iu
248 1091 303 1161 ejus
313 1085 742 1221 ‚fignificatiouibus'definiendis,
753 1106 798 1174 aut
809 1084 1026 1173 uomendeliniti
1038 1106 1065 1143 re
1100 1087 1206 1223 metr-'s
1222 1090 1237 1145 ζ

204 1183 340 1221 autanao
361 1184 368 1218 ι
403 1185 468 1221 enus
485 1184 537 1221 acer
561 1184 603 1221 ren
624 1184 690 1229 um,
710 1183 738 1221 ut
751 1183 779 1219 ιιι
793 1184 813 1223 a
836 1183 949 1221 urvocrt.
977 1182 1042 1219 nam
1148 1182 1158 1219 t
1226 1216 1237 1221 -

206 1243 269 1315 quis
281 1184 629 1305 namgsrrgcanistetrepstris,
650 1183 850 1317 respondebitbr
860 1241 976 1314 opinor,
999 1238 1057 1305 ille,
1077 1182 1237 1315 qbilattau]

206 1335 253 1375 aut
267 1317 333 1394 quid
343 1318 403 1373 tale.
423 1317 468 1374 ubi
483 1317 525 1373 ille
539 1335 631 1371 canem
645 1314 754 1380 reseret,
777 1335 825 1372 nee
837 1317 886 1372 erit
906 1316 936 1371 in
949 1317 1074 1373 oratione
1084 1306 1203 1375 melsun

206 1392 373 1458 reprimi«.
393 1391 434 1448 vel
453 1390 569 1455 dicetur,
587 1391 626 1447 est
641 1392 705 1449 illud
718 1392 820 1447 animal
832 1388 1009 1448 domesticum
1021 1392 1119 1468 equod
1132 1392 1203 1449 latrari

205 1488 253 1526 cur
266 1470 348 1547 igitur
358 1468 438 1523 eriam
452 1468 546 1524 Stoicis
567 1470 642 1538 lnam
654 1469 804 1524 Stoicorum
819 1464 878 1523 sunt
890 1467 941 1525 illae
955 1462 1136 1539 definitiones)
1151 1462 1200 1523 offi⁴
1210 1472 1213 1477 '
1223 1468 1237 1477 “

204 1545 277 1599 cium
293 1561 347 1599 non
360 1542 434 1598 liceat
448 1544 485 1599 ita
496 1539 607 1599 definire
623 1542 641 1599 sr
661 1546 763 1599 tellum
786 1542 832 1608 stt,
853 1539 1000 1617 perseslum
1016 1541 1137 1603 officium
1149 1534 1201 1609 elle.

204 1619 247 1676 vel
260 1619 329 1675 reste
344 1615 466 1675 sactum?
487 1638 578 1674 nonne
592 1612 770 1694 sophistarum
786 1618 980 1696 paralogismus
995 1616 1046 1677 bac
1057 1622 1155 1677 ratione
1166 1616 1201 1675 dte

206 1696 340 1751 clinarur?
359 1693 432 1769 quod
451 1692 470 1763 st
485 1696 523 1750 ita
534 1694 647 1759 Caelius,
668 1712 696 1752 ut
708 1694 814 1760 debuit,
833 1688 1003 1769 assumpsisset
1016 1696 1046 1753 in
1060 1693 1108 1755 suo
1118 1694 1201 1771 paralu-

205 1767 314 1849 gism03
335 1769 550 1846 perpendiculum
573 1769 611 1826 est
627 1773 729 1829 tellum
744 1768 883 1833 officium,
905 1768 995 1827 statim
1010 1764 1166 1851 coguotillet
1179 1770 1237 1837 ir.

228 1865 263 1903 uo
275 1846 411 1904 delirabat.
433 1845 487 1905 baec
499 1847 591 1903 eadem
610 1844 669 1904 sunt
680 1846 792 1904 dicenda
803 1846 836 1903 de
853 1844 937 1903 officii
956 1846 1042 1905 medii
1052 1845 1202 1905 definitione
1225 1842 1237 1859 ¹

206 1865 252 1981 sed
264 1921 350 1979 adbuc
359 1943 387 1979 tn
400 1922 451 1980 alia
463 1921 553 1978 sumus
566 1920 737 1985 difficultate,
747 1941 858 1998 utraque
871 1924 946 1979 enim
956 1918 1204 1999 definitionum,-

206 2018 260 2075 que
272 2016 373 2076 partem
393 1996 478 2073 potesl
491 1999 706 2061 accommodari,
728 1996 756 2055 id
768 1999 840 2074 quod
853 1996 892 2055 est
907 2000 1065 2057 marimum
1080 2002 1110 2057 iu
1126 1994 1204 2059 deiri·
1229 2056 1237 2063 ,

205 2078 281 2133 tione
297 2077 406 2132 vitium.
445 2077 553 2132 Etenim
573 2083 600 2133 δι
617 2072 764 2150 persestum
784 2072 924 2137 officium,
944 2077 1034 2151 inquit
1047 2077 1159 2141 Caeliur,
1172 2068 1205 2133 el

206 2151 282 2227 quod
293 2170 338 2208 cur
351 2150 451 2208 fanum
467 2149 513 2215 fit,
534 2151 677 2225 probabilis
690 2154 758 2206 ratio
769 2149 843 2208 reddi
854 2142 949 2227 potest.
971 2168 1058 2228 neque
1068 2144 1206 2223 enimuuis·

206 2247 308 2302 quam,
329 2244 357 2283 ut
375 2245 468 2301 putat,
485 2226 551 2283 adeo
568 2244 714 2285 contumax
737 2225 795 2290 est,
819 2231 867 2302 qui
886 2225 940 2283 stete
962 2227 1095 2303 probabili
1120 2228 1206 2287 ratioet
1231 2287 1237 2297 ,

205 2298 354 2377 persestum
373 2297 495 2357 officium
520 2304 576 2380 geri
594 2302 747 2359 contendat.
767 2321 812 2359 aut
830 2303 951 2359 medium
965 2301 1088 2361 officium
1105 2304 1132 2363 id
1147 2296 1206 2381 quus
1232 2312 1237 2375 ζ

205 2378 309 2435 redium
324 2392 378 2431 non
392 2374 440 2443 [ιιι
460 2378 564 2452 alioqui
577 2375 594 2432 s
609 2379 711 2433 tellum
725 2375 849 2442 nonest,
871 2377 1023 2454 perversum
1037 2400 1067 2437 ae
1083 2376 1207 2458 praposl'u
1232 2388 1237 2397 “

204 2469 268 2511 rum
285 2451 311 2507 id
324 2444 371 2507 ell'e
385 2448 517 2528 fateamur
532 2448 687 2525 necesseest.
709 2472 736 2509 at
748 2453 937 2518 videamusffi
953 2474 1090 2529 peccatum
1109 2456 1139 2513 stt
1151 2459 1207 2513 inea

205 2536 250 2593 ιε’,
271 2547 353 2605 quam
368 2525 432 2584 belle
445 2529 472 2584 in
486 2527 557 2584 idem
572 2528 669 2587 Caclius
680 2527 793 2587 labatur.
813 2532 850 2586 ita
863 2532 937 2587 enim
952 2550 1013 2589 cum
1030 2531 1086 2589 haec
1101 2531 1208 2591 consur

207 2606 269 2668 bat,
288 2601 410 2661 officiunt
424 2599 577 2665 definierat,
597 2622 625 2661 ut
637 2606 774 2664 aslionenr
788 2603 836 2663 else
846 2605 942 2663 diceret
959 2610 986 2663 iu
998 2611 1078 2663 omui
1093 2614 1148 2667 vira
1158 2622 1208 2667 cun

205 2682 321 2746 virtute,
341 2687 367 2737 δι
380 2681 481 2737 ratione
497 2681 689 2751 coniundlam,
708 2700 737 2738 ac
749 2680 775 2740 se
792 2678 850 2756 ipsc
861 2683 1048 2759 interpretatus
1061 2681 1118 2750 est,
1137 2698 1210 2759 nequa
1235 2696 1237 2705 ’

206 2777 257 2817 nos
270 2757 432 2836 ambiguitas
450 2759 621 2831 perturbaret.
663 2759 742 2814 Αέὶιο
756 2759 844 2830 inquit
859 2756 897 2815 est
909 2776 1004 2832 genus.
1025 2761 1055 2817 in
1068 2763 1145 2821 omni
1157 2762 1209 2821 tim

207 2854 264 2897 tam
280 2851 339 2891 eam
354 2828 438 2888 officii
453 2848 554 2908 partem
566 2834 834 2909 compledlitur‚quae
848 2832 881 2891 ad
895 2832 979 2891 finem
993 2837 1142 2895 bonorum.
1153 2832 1210 2893 ise·

205 2913 332 2975 licitatem
345 2905 544 2984 adipiscendam
556 2910 669 2983 specht.
689 2928 771 2984 quant
788 2929 867 2973 eam,
889 2930 948 2985 qnae
960 2916 1098 2988 praeceptis
1109 2910 1210 2971 coullat.

207 2993 280 3045 Cum
292 2987 404 3046 virtute,
423 2978 591 3048 differentia,
611 2984 684 3061 quod
701 2985 828 3062 quicquid
849 2989 975 3043 avirtute
991 2984 1212 3061 abjuuslumttlt

206 3062 300 3123 offitio
316 3061 395 3138 longe
411 3059 487 3116 abst.
508 3065 534 3115 &
548 3062 668 3123 ratione,
689 3064 768 3117 altera
785 3054 939 3119 differentia
958 3082 1137 3123 communem
1155 3063 1210 3123 lan

206 3142 291 3197 vitam
312 3139 463 3214 attingens.
484 3135 512 3190 in
531 3154 585 3210 qua
604 3135 750 3200 decorum,
776 3136 805 3193 id
828 3134 881 3200 cst,
907 3142 936 3191 vl
958 3139 1049 3204 πρίω
1070 3142 1211 3213 requiritur.

205 3217 342 3273 asltonem
360 3232 422 3270 curn
435 3215 531 3267 virtute
549 3212 720 3282 eoniunslanr
740 3212 774 3270 ad
790 3210 942 3271 felicitatem
956 3214 1155 3290 adipiscendam
1165 3214 1210 3293 spa·

206 3293 279 3349 elate
300 3292 352 3354 ait,
374 3307 433 3345 cum
448 3287 551 3343 rarione
569 3306 746 3345 communem
766 3288 834 3345 hanc
850 3291 933 3346 vitam
953 3293 1102 3369 attingere,
1122 3294 1150 3351 iu

206 3366 334 3423 decorum
351 3364 512 3440 requiritur,
530 3364 604 3440 quod
620 3362 693 3422 nihii
701 3364 835 3443 agendum
857 3363 905 3429 stt,
923 3369 998 3442 cujus
1012 3370 1082 3425 ratio
1097 3369 1176 3444 proba
1192 3366 1197 3377 '

206 3443 239 3499 lis
253 3437 343 3499 afferri
357 3461 412 3498 non
426 3437 512 3516 possit.
552 3438 569 3496 si
582 3441 648 3498 duas
661 3439 706 3499 bic
720 3443 817 3500 Caelius
828 3441 883 3497 vult
897 3438 946 3499 else
967 3462 1054 3518 partes
1067 3444 1169 3511 officii,
1185 3456 1208 3499 α

205 3536 274 3574 certe
287 3517 357 3579 vult,
375 3514 544 3573 vehementer
557 3515 666 3573 censura
687 3516 732 3575 sua
751 3532 848 3595 peccat.
869 3534 987 3592 namque
1003 3516 1024 3577 fi·
1038 3522 1068 3577 in
1081 3516 1208 3579 communi

204 3596 262 3650 vira
275 3595 418 3665 requiritur
431 3590 458 3645 el
473 3589 577 3666 epiro,
597 3612 699 3668 quanto
711 3595 800 3673 tnagis
819 3594 1008 3669 requirendum
1022 3594 1062 3654 est
1076 3601 1105 3655 in
1115 3616 1145 3655 ca
1156 3598 1209 3655 rirn

205 3688 265 3745 qua
276 3665 433 3745 persrstior,
453 3664 507 3732 est,
529 3668 601 3725 &ad
616 3667 767 3726 felicitatem
786 3671 909 3744 proprius
920 3671 1042 3729 accedit?
1060 3674 1147 3731 rursus
1160 3670 1177 3729 s
1185 3672 1209 3727 lu

205 3743 348 3808 nto-mn
362 3743 416 3805 rita
431 3742 502 3805 nibil
513 3743 649 3825 agendum
662 3742 709 3815 lit,
726 3746 799 3823 rujus
815 3747 885 3805 ratio
901 3747 1048 3823 probabilia
1062 3744 1209 3883 afferrippu

1126 3844 1160 3903 fo
1186 3841 1212 3885 tt
1233 3876 1237 3924 1
