2490 4500
117 264 249 417 speciant.
266 337 293 395 si
308 336 393 393 virtus
406 333 492 400 inest,
513 338 590 413 plane
603 352 658 393 tota
670 336 802 395 laudanda
815 336 870 397 estr
893 336 932 397 lin
945 336 1059 402 vitium,
1073 356 1116 395 tota

116 414 268 489 rejicienda.
306 416 492 469 veteratoriam
506 432 608 477 artem,
630 420 656 469 δι
676 412 883 491 impostricem,
908 434 994 473 totam
1010 418 1116 491 reproba·

117 510 194 559 mus:
215 488 307 547 sivein
320 510 348 545 re
358 492 472 567 exigua,
493 488 545 545 sive
555 508 657 566 magna
668 489 818 565 impostura
827 490 900 551 fasta
910 490 1114 569 deprehendatur,

115 587 173 625 rora
184 568 258 623 enim
273 568 344 623 mala
352 564 401 623 cst.
420 567 580 621 statuariam
594 566 670 621 laude
685 566 885 642 prosequimur,
913 568 966 629 sare
977 571 1007 625 iu
1018 565 1114 632 colossas,

116 640 703 702 iiveincbamaetcrissormandirindustriam
713 641 846 707 ostendat.
866 646 948 703 otiam
964 646 1010 703 alle
1024 642 1115 719 Pyrrhi-

116 722 196 781 clrus,
218 720 266 792 qui
281 715 652 793 Rhyparographusvocnus
665 716 724 782 est,
744 739 777 775 ex
790 718 987 777 tonstrinarum
1000 728 1028 777 dt
1039 718 1115 777 asello·

115 818 177 857 turn
193 796 298 872 piiiura
308 794 382 851 suam
397 794 662 850 commendationem
676 795 747 853 tulit.
787 795 876 853 l'otest
886 816 952 874 ergo
967 816 1113 858 mercatura,

114 894 175 947 qux
188 874 217 929 in
230 892 316 929 retum
331 888 490 949 magnatum
506 872 656 949 magnique
669 870 790 947 sumptus
801 874 1025 931 comestionibus
1032 878 1114 953 agitur,

114 944 365 1011 illnllriotsortall'e,
387 966 442 1003 non
458 946 553 1001 melior
566 946 664 1003 videri:
684 966 768 1017 quarn
781 966 840 1017 qux
853 950 881 1003 in
894 951 971 1007 rebus
981 950 1115 1025 perexiguis

115 1031 185 1081 viter
205 1024 331 1081 intendit.
370 1022 480 1098 quando
493 1022 591 1098 quibus
604 1022 722 1081 modulis
732 1023 845 1099 quisque
857 1024 933 1081 suam
950 1028 1072 1081 metiatur
1082 1025 1116 1079 in,

114 1100 262 1164 dustriam,
284 1120 339 1157 non
354 1101 387 1157 ab
401 1117 456 1154 arte
472 1099 585 1173 pendet,
607 1096 649 1154 sed
667 1100 819 1173 acujusque
829 1097 965 1158 facultate.
979 1148 984 1157 .
997 1106 1115 1159 Penettent

115 1182 161 1237 alii
171 1179 325 1239 Euxinum,
345 1182 372 1232 δι
385 1175 418 1229 ad
432 1174 541 1231 ultimos
554 1174 680 1249 navigent
691 1177 886 1241 Garamantas,
908 1180 1006 1253 quibus
1019 1194 1115 1251 magua!

113 1274 178 1331 opes
195 1251 303 1309 fortuna
317 1249 425 1309 indulfit
441 1272 448 1305 a
475 1268 554 1325 atque
568 1250 749 1309 induratas&
762 1251 909 1325 exquisitas
923 1272 1023 1311 merces
1033 1271 1114 1311 conve·

113 1332 190 1391 bant.
222 1331 307 1393 Huic,
328 1329 375 1403 qui
388 1345 475 1383 retum
490 1333 516 1383 &
529 1324 697 1385 fortunarum
711 1326 868 1389 difficultate
881 1332 1033 1405 premitur,
1051 1328 1113 1385 sate-

113 1412 163 1470 rit,
182 1424 216 1461 ex
229 1406 316 1459 Sicilia
328 1403 482 1459 medimnos
495 1402 597 1478 aliquot
609 1399 759 1469 frumenti,
788 1423 832 1461 aut
847 1424 880 1461 err
896 1405 971 1463 Clrio
985 1404 1112 1481 amphorae

112 1485 171 1539 vini
185 1499 239 1535 non
255 1480 321 1535 adeo
335 1479 431 1535 multas
443 1476 509 1534 serre
521 1516 531 1541 ,
558 1482 587 1533 in
601 1478 744 1535 lubfidinm
759 1480 905 1539 laborantis
916 1502 1039 1539 armonae.
1073 1484 1111 1539 Pat

113 1554 260 1618 industria,
281 1575 327 1630 pat
338 1555 461 1611 voluntas
472 1552 625 1630 utriusque:
645 1557 701 1630 pari
716 1555 786 1612 milri
796 1575 906 1633 quoque
917 1558 995 1615 laude
1007 1556 1110 1615 videntur

114 1630 293 1712 provehenda.
335 1634 422 1706 Atque
435 1629 478 1686 lric
493 1628 561 1689 surte
576 1630 694 1707 angusta
705 1630 818 1690 fortune
835 1631 968 1699 institor,
997 1636 1108 1703 maiorem

112 1710 232 1767 videatur
242 1707 375 1783 aliquibus
390 1709 506 1783 gratiam
521 1710 649 1771 emereri,
668 1707 742 1783 qnod
757 1709 855 1765 leviore
868 1707 969 1785 quaestu
983 1707 1108 1786 propodtu,

112 1787 187 1864 paria
199 1803 289 1839 tamen
306 1779 513 1858 mariscoilique
525 1782 654 1840 saevientis
667 1785 779 1858 pericula
794 1804 849 1839 non
864 1784 1052 1844 reformidant.
1067 1788 1109 1841 Ca·

112 1882 142 1921 to
155 1864 229 1917 enim
241 1858 360 1937 quodam
374 1857 535 1922 sciscitante,
554 1859 620 1933 quid
632 1859 679 1919 libi
692 1861 725 1915 de
738 1880 887 1920 mercatura
903 1862 1048 1927 videretur,
1065 1878 1107 1917 mu

112 1956 289 1996 mercaturam
310 1936 472 1992 damnavit:
502 1933 543 1989 sed
565 1937 780 2013 magnitudinem
803 1938 1008 2012 periculorum,
1038 1954 1107 2015 qun

113 2014 305 2072 mercatoribus
318 2012 429 2089 persepe
445 2011 512 2067 adiri
528 2010 631 2075 scient,
645 2011 796 2069 exhorruit.
816 2014 889 2088 Quis
901 2017 976 2071 euim
989 2016 1041 2083 jure
1052 2032 1106 2075 mrt-

111 2110 230 2147 caturam
244 2090 329 2163 quain
341 2090 426 2164 qualis
443 2095 469 2144 δι
481 2088 714 2163 quantulacunque
725 2086 778 2149 est,
801 2090 1016 2164 improbaverit?
1040 2090 1106 2162 eujus

111 2188 163 2242 ope
171 2164 272 2221 laetum
285 2162 339 2229 est;
360 2184 388 2219 ur
402 2163 523 2219 humanu
536 2165 626 2239 generi
641 2166 783 2219 innumera
795 2167 944 2222 commoda
957 2169 1104 2243 proveniant,

112 2251 222 2309 &totns
234 2259 316 2314 propo
328 2240 400 2293 orbir
414 2240 440 2294 in
456 2242 680 2296 communionem
695 2259 793 2296 ventat.
833 2243 945 2299 Rediiur
961 2240 1105 2301 Aristotelen

111 2320 158 2393 qni
169 2335 222 2370 nnn
232 2315 399 2391 inquantnltr
410 2315 500 2376 rebus,
522 2314 563 2369 sed
578 2320 605 2370 in
620 2317 718 2391 quibus
728 2316 866 2391 evigilaret
879 2336 1026 2377 mercatura
1035 2314 1105 2373 obser·

110 2393 192 2450 vavit.
221 2393 366 2464 Numquae
381 2388 505 2445 distrahit
516 2411 546 2447 ea
559 2410 617 2464 quae
633 2390 679 2447 fibi
694 2391 822 2464 profusius
836 2390 994 2470 supperunt,
1014 2408 1104 2470 quaque

109 2466 262 2531 commodis
277 2466 421 2522 hominum
436 2465 541 2522 inservit
556 2504 563 2529 ,
593 2464 661 2522 lrmc
676 2467 854 2544 recipiendam
870 2470 1104 2545 approbandamqur

110 2543 283 2613 ¹existimavit.
324 2546 442 2606 Contra,
463 2562 521 2617 qua’
537 2545 613 2598 vilius
625 2545 693 2598 emit
706 2545 845 2619 quaedam,
868 2565 898 2601 ut
910 2547 1008 2603 deinde
1020 2546 1105 2603 claun

110 2622 208 2678 vendat
221 2658 229 2682 ,
259 2626 284 2674 &
305 2618 389 2693 (quod
403 2623 431 2673 iu
448 2620 610 2694 monopoltis
623 2621 745 2675 maxime
757 2617 815 2677 fieri
828 2621 902 2689 soler)
925 2624 1055 2696 publicam
1070 2621 1106 2676 la·

108 2699 189 2775 gellar
201 2716 338 2752 annonam
361 2698 412 2765 (cui
425 2697 506 2750 etiam
521 2716 584 2751 vnce
599 2700 691 2752 Gmca
705 2695 836 2757 :cornuin
849 2718 951 2757 nomen
965 2696 1034 2767 serit]
1053 2697 1106 2753 hnic

110 2771 217 2851 prorsus
229 2770 351 2845 explosit.
392 2771 472 2827 Haud
487 2772 573 2827 mulm
588 2770 680 2835 secus,
709 2779 734 2828 &
770 2772 1106 2831 uaeinllrumentaluturia

109 2847 274 2926 suppeditat,
294 2845 332 2903 cst
347 2849 477 2905 ecivitate
491 2850 546 2917 jure
558 2847 732 2905 evrtrrbanda.
749 2792 996 2929 (ilci-ycurguseor,
1017 2847 1107 2927 quido

109 2928 183 2999 licius
197 2930 222 2980 &
238 2924 392 2979 scitamenta
404 2924 472 3003 gula:
484 2926 660 2998 apparabant,
681 2926 765 2981 exilio
778 2927 912 2983 multavit.
951 2928 993 2983 Sic
1002 2924 1107 2984 Romani

109 3022 155 3072 eos
169 3002 232 3057 urbe
244 3002 389 3066 ejecerunt,
410 3001 457 3072 qui
471 3001 544 3055 vino
558 3000 709 3067 Antiorlro,
729 3008 756 3059 dc
768 3000 867 3061 Astain
880 3001 1036 3081 potestatem
1047 3000 1109 3060 reda·

110 3080 168 3154 pla,
187 3077 292 3134 exotica
306 3096 442 3157 unguenta
452 3075 682 3134 nundinabantur.

293 3234 349 3298 M.
364 3232 442 3298 Ant.
453 3234 631 3324 Mnjoragii
648 3234 766 3321 Decisto
780 3234 940 3331 l'iglstmd·

107 3377 244 3523 Vdrie
257 3396 300 3433 me
317 3375 438 3433 afficiunt
450 3370 505 3429 illu
517 3390 568 3431 tuae
580 3370 786 3449 disquisitiones.
806 3378 880 3432 Nam
895 3379 1043 3455 aliqnando
1054 3377 1112 3437 milti

180 3452 277 3509 neccsse
290 3450 327 3508 est
339 3451 496 3525 indignari,
525 3468 587 3504 cum
605 3468 628 3504 tc
640 3469 696 3505 ram
714 3470 870 3530 arroganter
884 3453 1022 3533 insurgere
1037 3458 1113 3519 vrdco,

107 3548 217 3602 tamque
236 3530 379 3603 petulanter
400 3530 428 3583 in
448 3523 656 3602 gravissimum,
685 3534 712 3585 &
729 3518 975 3605 eloquentislimurir
996 3538 1113 3590 omniurn

107 3623 227 3661 autorem
240 3605 352 3660 invehi:
378 3620 576 3674 nonnunquam
593 3605 638 3658 vix
654 3599 755 3679 polium
775 3604 858 3661 risum
879 3610 1016 3665 continere
1028 3648 1041 3675 „
1059 3620 1114 3666 curn

106 3680 260 3757 diligentins
274 3685 392 3737 rationrr
405 3684 433 3735 δι
446 3678 523 3733 verba
538 3696 583 3735 tua
595 3679 744 3753 perpendo,
765 3700 823 3753 qua:
833 3679 902 3737 nrlril
912 3703 926 3738 a
936 3680 1118 3758 puerilibusfa,

107 3758 199 3830 buln,
228 3754 440 3829 &delirantium
456 3752 569 3823 summis
581 3750 690 3823 urunt:
701 3754 847 3825 videntur:
875 3755 915 3824 til
931 3762 1038 3828 enan.
1063 3776 1118 3823 cun

1077 3836 1119 3901 alr
