2490 4500
176 302 266 393 Qum
276 313 307 390 fi
317 303 433 372 clientium
451 316 525 393 longe
536 306 636 394 „egone

136 384 291 464 Dijadt'cera
303 395 352 448 lile
366 396 520 468 relinqueret

134 469 248 525 Tendens
262 467 380 545 venustos
397 474 425 525 in
439 489 532 545 agros,

133 549 193 598 Aue
207 547 402 601 lacedemoniam
416 549 565 602 streniam.
758 604 761 610 ,
933 603 937 610 ,
1001 580 1020 613 ,>

76 636 97 673 tn
110 619 194 695 igitur
207 618 305 676 frustra
318 619 464 694 susceptum
482 621 520 676 est
532 618 596 677 illud
612 621 662 677 iret
676 635 732 678 eam
752 614 798 680 lon
819 628 865 681 um
881 624 914 683 ab
929 621 1043 685 homine¹

76 713 93 749 u
109 694 178 751 sene.
200 694 273 770 quod
287 693 305 751 fi
320 715 373 751 non
388 692 530 770 sulcepiffet
547 697 605 758 ille,
625 695 695 755 hosti
715 717 770 754 non
809 719 842 754 ne
857 720 959 777 magno
971 707 1039 779 reip.

76 769 192 827 :damno
205 772 369 848 permultum
385 769 533 848 profuiilet.
555 792 617 829 nam
629 772 695 849 quid
707 774 777 831 aliud
796 794 812 831 a
826 779 930 853 Regulo
944 782 1040 851 pertete'

76 848 118 909 ui,
138 865 222 923 quam
243 864 383 917 utcontra
403 850 517 923 patriam
537 847 609 905 suam
631 851 681 905 iret
697 851 815 924 legatus?
856 854 909 909 uod
924 852 953 910 hi
970 864 1038 929 prai-

76 941 112 977 rm
128 919 322 1000 proposuerunt
333 941 361 979 ut
374 925 397 981 is
410 926 543 980 Romanis
557 923 733 997 persuaderer,
753 871 858 1001 quodlt

76 999 142 1055 time
154 995 261 1055 fuiffet?
280 998 402 1056 salutem.
421 999 494 1075 quod
508 998 525 1055 fi
537 998 644 1056 uirissint
657 1020 712 1056 rent
728 1021 784 1057 nou
795 1021 853 1076 pete
875 999 947 1060 ilina
962 1023 1038 1062 mor-

76 1070 298 1131 tatrnciffimam.
338 1072 382 1131 hic
402 1075 493 1152 tegulo
510 1073 677 1132 statuendum
695 1075 746 1135 fuir
759 1021 972 1137 utrumlroueste
987 1079 1036 1141 libi

76 1148 196 1207 tiendum
209 1147 286 1215 ellet,
307 1169 342 1206 an
353 1153 465 1226 turpiter
479 1152 634 1207 vivendum.
648 1156 701 1208 ‘Et
716 1151 899 1213 dubitabimus
909 1156 974 1231 quid
988 1158 1036 1215 tall

76 1222 246 1283 tfaciendum
260 1221 329 1283 effer.
360 1229 434 1302 atqui
451 1246 506 1283 non
522 1225 561 1283 est
578 1228 755 1285 imbecillitate
770 1226 860 1285 nostra
873 1231 953 1287 robur
965 1231 1037 1292 illitis·

76 1303 125 1365 ni,-
145 1300 300 1378 virtutisque
317 1303 476 1378 magnitudo
494 1301 683 1378 ponderanda,
701 1322 760 1379 quae
779 1305 849 1363 tetre
861 1306 981 1365 censebat
999 1296 1036 1375 ad

76 1376 159 1433 imum
172 1396 307 1453 quemque
316 1381 403 1433 ritum
417 1380 545 1453 pertinere
558 1398 642 1435 omne
651 1379 731 1437 decus
739 1382 966 1454 parriae-omnibus
980 1380 1034 1442 suis

76 1452 190 1517 tmodis,
207 1458 233 1511 dr
243 1456 302 1511 ritae
316 1455 397 1511 etiam
413 1451 460 1530 ipfi
476 1452 595 1527 praeferte
610 1474 666 1511 non
678 1454 809 1513 dubitate.
828 1460 959 1532 quoniam
971 1468 1035 1517 rerd

76 1546 117 1585 tro
131 1527 315 1604 hancpattem
327 1532 431 1605 optime
444 1529 578 1594 defendit,
597 1549 627 1587 et
637 1526 749 1596 emilia,
770 1532 824 1604 jam
874 1532 957 1610 spedi
967 1548 1035 1593 corr-¹

76 1604 143 1661 udus
154 1602 208 1660 est.
231 1607 422 1673 attinente,
442 1624 472 1662 ae
487 1605 654 1678 impreffione
673 1626 764 1687 pugna
776 1552 947 1668 condienda.
966 1610 1034 1686 quid

76 1678 184 1745 tandem
203 1682 318 1738 calinsa
345 1678 498 1737 hostiumue
520 1683 654 1760 Regulum
675 1683 800 1740 mandata
820 1683 845 1741 se
864 1686 1035 1758 jurejurandd

76 1750 186 1813 irmaffe
202 1768 377 1813 curaturum?
396 1775 449 1835 ego
462 1776 524 1812 tero
544 1777 625 1832 nego.
651 1778 734 1815 unum
751 1760 945 1817 euinttantum
964 1763 1033 1838 legi,-

76 1848 160 1889 ttutn
181 1832 361 1903 jusjurandum
382 1831 500 1890 hostibus
519 1829 631 1899 dediise5
651 1833 699 1889 nifi
715 1833 812 1889 redditi
823 1839 921 1908 captivi
934 1831 1033 1902 ess'entc

78 1906 271 1985 Carthaginem
285 1908 447 1973 rediturum,
464 1907 537 1984 qnod
550 1908 659 1982 quidem
676 1910 746 1965 mira
757 1908 908 1969 constantia
925 1910 1033 1968 conser-

76 1984 103 2039 it.
128 1982 250 2041 ostendar
265 2003 335 2043 nuuc
347 1985 470 2048 obsecro,-
491 1985 537 2058 qui
554 2000 647 2039 eontra
663 1985 757 2045 sentit,
777 1983 819 2040 dis
833 1985 1033 2045 immortalibui

76 2056 180 2133 tpofitis
197 2060 329 2138 Regulum
346 2058 371 2116 se
387 2061 513 2117 mandata
527 2076 679 2117 curaturum
692 2057 813 2117 hostibus
829 2058 955 2135 recepilh.
985 2060 1030 2121 sed

76 2152 104 2191 es
115 2137 199 2191 etiam
215 2139 318 2191 ratione
334 2133 523 2199 confirmetur,
544 2135 681 2191 videamus
694 2153 784 2192 utrum
799 2140 885 2210 poenis
899 2137 1031 2207 jusjuran-

76 2204 158 2267 teiset
168 2212 276 2275 utilius,
294 2230 328 2267 an
343 2211 386 2276 id,
407 2209 507 2287 quoad
523 2208 609 2267 hostes
620 2229 647 2266 te
665 2208 764 2268 inferia
775 2215 870 2268 reterri
887 2215 1030 2291 nunus

76 2304 225 2365 regeretur,
243 2306 279 2344 an
293 2306 349 2364 quo
361 2306 494 2357 utrunque
509 2306 549 2343 res
569 2287 627 2345 alia
642 2284 717 2350 effer,
737 2288 851 2345 liberum
862 2284 931 2345 fetet
943 2289 981 2347 illi
998 2306 1029 2347 a⁵

84 2364 146 2419 suos
158 2382 305 2419 remanere.
325 2365 415 2420 utilius
429 2363 490 2419 illud
504 2365 620 2423 omnino
631 2360 699 2429 fuit,
712 2362 801 2439 quod,
823 2382 855 2421 ue
867 2366 949 2442 gratis
961 2365 1029 2426 libet'

76 2438 224 2501 theridius,
245 2439 392 2515 prohibuit.
406 2438 457 2495 heo
469 2441 551 2516 igitur
561 2436 695 2517 obstringi
707 2458 769 2497 eum
784 2441 949 2503 maluerunt,
968 2444 1028 2499 exi*

76 2510 161 2570 tantes'
170 2513 299 2573 desiderio
310 2514 416 2578 salutis,
427 2523 462 2571 -&
480 2526 566 2589 poenz
581 2533 653 2571 metu
666 2517 761 2571 omnia
771 2512 922 2579 fanorum,
943 2534 972 2575 ut
982 2537 1026 2575 ea·

76 2590 83 2645 i
96 2608 319 2665 permutarenrnr.
339 2589 396 2647 aefi
412 2611 467 2647 uon
480 2589 559 2664 ponet
575 2590 640 2648 illud
656 2592 789 2654 obtineri,
810 2591 952 2649 noluerunt
963 2610 1027 2668 gras

76 2667 261 2741 Imperatorem
278 2667 353 2724 suum
371 2670 503 2725 remittere
516 2669 662 2730 Romanis,
684 2686 712 2724 ur
725 2661 867 2730 accidiller,
890 2664 909 2723 fi
927 2668 953 2723 se
972 2666 1027 2727 fide

76 2760 123 2799 unt
138 2743 244 2817 optima
255 2743 415 2819 legationem
429 2743 501 2799 illam
513 2736 614 2811 iurasset
625 2744 773 2801 obiturum.
795 2743 866 2818 quod
884 2760 913 2799 ue
929 2740 1028 2801 iaceret

76 2820 98 2874 is
110 2817 189 2893 plane
202 2818 401 2875 conditionibus
412 2817 506 2874 adduci
519 2813 649 2891 potuillet.¹
688 2817 753 2875 illud
765 2820 846 2896 igitur
857 2820 955 2889 juratus
967 2822 1027 2877 ho*

76 2896 192 2956 revenit,
213 2893 262 2951 nili
284 2894 453 2950 redderentur
472 2895 586 2970 captivi,
606 2912 635 2949 ue
652 2894 846 2969 Carthaginem
866 2894 969 2950 rediret.
997 2898 1028 2953 aii

76 2971 110 3025 iti
132 2989 189 3025 non
208 2967 268 3027 sunt
282 2973 396 3045 captivi,
416 2969 494 3025 rediit
507 2969 700 3045 Carthaginem
712 2971 841 3045 Regulus.
866 2970 931 3047 quid
951 2968 1026 3028 aliud

76 3062 115 3101 rer
126 3042 286 3121 quisquam?
307 3066 335 3103 ur
351 3048 464 3121 patriam
478 3044 615 3121 prodereti
635 3063 662 3112 tu
678 3066 739 3103 tero
753 3044 912 3109 fiehabero,
931 3043 954 3107 [i.
964 3060 1025 3123 poeaf

76 3120 102 3177 rb
114 3119 157 3177 his
165 3120 365 3178 conditionibus
377 3120 503 3177 mandata
515 3123 618 3198 Regulo
630 3120 740 3184 dedere,
761 3140 789 3176 ut
803 3118 864 3176 sr'ea
875 3140 908 3176 ex
921 3119 1026 3180 l'entena

76 3193 217 3260 onficerer,
236 3197 300 3253 liber
311 3196 386 3264 eliet3
407 3196 444 3253 fin
460 3199 565 3261 miuus,
586 3197 617 3253 ad
629 3217 742 3254 carceres
754 3197 866 3258 rediret,
882 3198 1024 3270 optionem

76 3272 117 3328 ulo
130 3271 221 3328 datam
234 3267 296 3337 effe,
312 3293 400 3330 utrum
416 3273 505 3328 mallet
516 3274 648 3352 eligendi,
662 3273 796 3329 ut‘scilreet
808 3271 930 3327 curandis
942 3290 1021 3329 maus

76 3347 172 3409 tliber,
192 3366 237 3404 ant
253 3369 307 3404 ιιοιι
321 3349 442 3417 curandis
456 3351 484 3405 in
499 3347 617 3405 hostium
639 3346 764 3424 potestate
777 3344 847 3403 effer.
867 3366 924 3402 nort
943 3352 1020 3406 enini

77 3421 196 3480 absoluta
209 3422 268 3481 sunt
283 3425 424 3487 mundata,
467 3424 542 3480 uibus
556 3426 674 3500 premia,
696 3425 735 3480 rel
747 3422 874 3499 supplicia
889 3421 947 3478 sunt
958 3436 1023 3500 pru.-

75 3518 105 3554 τι.
126 3518 191 3555 nam
205 3499 422 3576 qui‘suppliciurn
445 3442 529 3556 dubire
541 3499 617 3564 velit,
638 3520 692 3556 non
707 3502 837 3556 continuo
851 3499 969 3573 perjurus
985 3494 1026 3557 est

76 3573 165 3639 endas,
188 3573 352 3641 stmandnta
374 3576 501 3656 negligat.
540 3578 576 3631 ita
591 3578 707 3651 Regulus
722 3576 820 3650 aceepit
832 3594 862 3629 ea
880 3574 1025 3641 mandarat

76 3687 88 3732 2
109 3648 127 3707 ti
145 3646 258 3714 ieciffet,
279 3655 421 3730 preminur
441 3653 568 3707 libertatis
588 3650 755 3725 propositum
774 3650 901 3707 habebat.>
928 3649 945 3707 st
968 3660 1025 3708 nori

860 926 981 985 onestum
997 931 1038 988 illi
1142 960 1151 983 t

76 3742 119 3799 ea,
138 3729 296 3806 compedes,
313 3736 340 3787 et
352 3746 468 3787 catenas.
488 3746 545 3786 uon
556 3724 617 3787 feeit
632 3728 655 3785 is
668 3725 805 3793 mandata,
816 3744 884 3787 nutu
897 3725 1027 3805 supplicia
1119 3748 1125 3757 ·

723 3818 744 3859 2
954 3805 1030 3879 iee'tif
