2490 4500
130 304 207 361 idem
219 298 390 367 ell‘eeenses,
416 299 490 378 'qnod
501 300 646 359 Summum
661 301 724 375 jue,
745 308 763 361 a'
778 299 893 371 nostris,
913 322 929 363 a
944 307 1007 363 Gre

132 375 349 436 buroeocatntr
368 396 424 433 non
437 373 538 453 possum
553 381 718 453 imperitiam
733 397 824 445 tuam,
847 387 873 437 bt
884 384 1008 458 ingeniir

132 470 190 511 non
203 454 335 520 accusate,
355 455 402 530 qui
417 472 502 527 neque
517 456 658 511 verborum
672 455 880 536 significationes
894 458 1008 532 intellig:

131 538 260 587 autotut'n
273 528 429 586 sententiam
445 533 582 606 percipias.
622 537 767 591 Summum
782 534 855 589 enim
868 535 1008 609 jusappellr

131 603 288 683 scrsptores,
309 624 371 663 eum
386 606 419 661 de
427 606 513 662 verbis
524 608 588 676 juris
598 608 784 672 contenditur,
804 627 892 683 neque
904 609 1008 685 scriptor

130 698 174 739 tas
185 680 376 739 confidentur.
417 700 491 737 uoces
504 686 578 737 enim
593 702 624 739 ac
636 684 718 741 literae
730 685 820 764 legum
833 682 906 759 quali
921 684 1008 741 summ

130 754 239 815 eiesest.
260 761 353 833 Itaque
366 776 429 813 turre
443 758 477 814 ab
492 761 616 833 aequitate
633 762 758 816 maxime
775 758 914 817 discedunt
923 759 1008 818 bomin

130 831 235 910 scriplis
246 835 331 891 verbis
344 836 510 910 pertinaciter
520 833 636 895 haerent,
649 855 744 917 ⁸nenne
758 837 899 913 cogitant,
918 838 983 911 quid
997 858 1008 895 a

128 909 233 967 Ιιοιιιιιιι
248 907 370 985 postulet.
393 913 470 966 Hanc
481 913 575 966 Cicero
587 912 749 967 malitiosam
765 913 829 981 jutis
842 915 911 969 inter
931 930 1005 977 retati

162 985 224 1049 llat,
244 993 271 1043 &
285 992 354 1042 inter
369 982 504 1056 injustitia
515 1005 612 1061 genera
625 1005 812 1043 connumerat.
840 989 896 1058 eius
911 932 966 1046 bac
979 989 1007 1046 su

151 1060 251 1129 xlstunt
262 1066 340 1119 etiem
344 1060 413 1137 sepe
423 1061 526 1134 injurie
536 1064 663 1118 calumnie
676 1067 807 1137 quedem,
829 1066 861 1125 ό)
873 1067 952 1121 nimis
963 1070 1008 1121 cal

127 1136 258 1211 malitiosa
272 1139 344 1211 jorn
360 1141 591 1211 interpretatione,
617 1158 651 1193 ex
673 1159 722 1211 quo
739 1140 811 1195 ittet
819 1168 829 1203 ς
856 1140 1008 1215 Seminumj'

126 1212 245 1287 injuria,
257 1213 360 1291 fossum
371 1212 405 1287 est
411 1212 469 1286 jam
481 1216 573 1268 tritum
580 1213 699 1288 sermone
707 1217 881 1289 proverbium.
911 1215 963 1272 hoc
976 1235 1008 1292 qu

127 1287 276 1347 tisconsulti
296 1288 469 1361 lusstrt'l‘lunt
489 1289 645 1364 appellant,
678 1308 706 1345 ot
722 1286 814 1347 scribit
829 1289 964 1348 Budaeus:
992 1297 1008 1347 l

126 1361 302 1436 &opsonium
313 1380 409 1427 rorat,
439 1363 512 1439 quasi
525 1368 566 1437 jus
576 1365 718 1426 crabbius,
742 1363 887 1443 duriusque
900 1406 909 1430 ,
929 1373 957 1424 &
970 1387 1006 1445 qu

147 1442 224 1497 nitati
244 1437 406 1515 praeferunt,
438 1440 473 1496 ab
495 1439 589 1495 eodem
613 1437 782 1511 iqtsob'neru
805 1441 952 1509 dicuntur„
981 1463 1008 1520 qr

124 1456 187 1573 suri
196 1517 350 1592 interpretes
361 1515 442 1587 juris,
460 1504 587 1591 lunatique
600 1515 739 1572 deterioris
751 1517 817 1589 juris
831 1516 960 1583 studiosi,
979 1537 1005 1575 at

123 1608 241 1670 perores.
279 1594 353 1648 Hinc
363 1593 454 1647 Latini
464 1596 579 1647 Summo
592 1595 648 1664 jure
659 1611 736 1669 agere
748 1593 841 1649 dicunt
857 1631 865 1656 ,
897 1614 946 1670 pto
958 1614 991 1651 eo
1002 1616 1008 1644 ι

124 1666 442 1742 ιιοιιιηῐιῑιιιιδιιιοιιιι,Ι
463 1664 506 1723 sed
518 1685 622 1723 tantum
639 1671 764 1725 verbis&
777 1667 874 1726 literis:
896 1670 970 1744 quod
987 1673 1007 1725 it

122 1744 206 1803 elatat
219 1741 260 1799 his
273 1745 359 1800 verbis
371 1743 467 1799 Cicero
477 1762 527 1819 pro
541 1745 658 1801 Cecinna
671 1763 678 1799 ε
706 1748 776 1801 Nant
786 1749 872 1809 ceteri
884 1760 938 1801 tunt
948 1750 1008 1821 adr)

123 1824 218 1878 tionem
231 1817 388 1884 enarrant,
413 1839 467 1875 tuin
477 1820 510 1894 se
530 1824 559 1877 r'n
577 1818 652 1894 cereso
669 1833 763 1892 putant
781 1820 871 1877 babere
889 1840 985 1895 equum
1004 1847 1008 1875 ι

124 1895 347 1985 peorldeftndant.
383 1898 414 1952 Si
423 1910 514 1952 contra
523 1897 767 1959 onttsutiteris,
787 1897 819 1955 ab·
839 1899 940 1965 lntditi
947 1896 1008 1972 sole

117 1993 180 2050 pere
189 1975 364 2037 contenditur,
380 1971 465 2046 solent
476 1970 596 2047 ejusmodi
607 1975 744 2044 iniquitati
756 1973 817 2027 loni
829 1976 861 2032 ds·
876 1978 943 2046 equi
956 1994 1008 2031 non

124 2064 252 2124 totamque
270 2063 398 2181 opponere.
438 2049 519 2104 Vides
528 2066 609 2122 quam
622 2048 745 2120 impetite
760 2083 768 2109 ,
798 2053 824 2103 δι
840 2047 938 2105 insulse
950 2055 1008 2106 tuS

121 2127 180 2201 jus,
200 2134 227 2182 δι
242 2127 287 2181 Per
300 2126 389 2181 esium
402 2120 542 2184 officium,
564 2123 635 2178 idem
649 2112 697 2177 elle
708 2120 858 2195 censuetipe
880 2144 943 2179 cum
960 2124 1008 2181 ltoc

121 2221 183 2258 ceto
198 2206 340 2257 Summum
356 2200 412 2272 jus,
434 2200 605 2273 iniquitatem
614 2197 733 2274 appellet.
754 2194 1004 2268 musaraneus,

121 2293 180 2332 turn
197 2277 316 2330 maxime
330 2271 477 2348 perfectum
492 2269 614 2330 officium
629 2273 724 2348 sequi,
745 2281 772 2330 bt
784 2273 858 2349 quod
875 2276 977 2332 testum
993 2295 1008 2333 a

121 2348 227 2408 nestum
240 2346 278 2403 est
291 2349 422 2418 judicare,
439 2368 499 2404 cum
519 2351 552 2405 ab
565 2352 688 2423 aequitate
701 2349 825 2413 discedit,
847 2357 874 2406 &
891 2353 970 2408 verba
984 2370 1008 2409 ta

85 2454 92 2461 ·
120 2430 163 2505 gis
175 2423 342 2483 confideret:
368 2443 423 2497 quo
437 2425 502 2499 quid
518 2423 654 2483 absurdius
668 2425 720 2481 diei
737 2425 821 2501 potest
835 2437 844 2482 t
876 2430 956 2504 Quin
972 2430 1006 2484 eti

119 2506 242 2560 maxime
254 2498 396 2556 ridiculum
410 2496 467 2562 est,
489 2501 561 2575 quod
574 2503 633 2566 ais,
654 2504 688 2558 ab
702 2500 752 2556 hoc
767 2499 859 2558 efficio
873 2501 1008 2576 perfector

118 2581 206 2637 mines
225 2576 415 2638 inclementes,
438 2577 643 2640 inexorabiles,
671 2584 697 2634 δι
717 2578 806 2651 quales
826 2597 841 2634 a
860 2583 963 2635 Graecis
979 2582 1008 2649 p'r

118 2656 261 2732 pellantur.
301 2656 392 2729 Iraque
406 2671 451 2708 tua
465 2651 592 2709 sententia
602 2652 673 2730 quod
686 2656 789 2709 tenum
806 2651 859 2717 est,
880 2672 961 2731 atque
975 2655 1008 2711 ho

117 2735 252 2788 immanes
265 2728 410 2790 homines,
430 2747 510 2802 atque
520 2725 644 2785 efferatos
659 2728 754 2785 reddit.
795 2732 948 2786 Hominem
964 2751 1008 2787 acu

116 2809 247 2864 talerrtem
262 2804 458 2867 Dialeslicum,
481 2807 528 2881 qui
542 2805 637 2861 harum
650 2824 738 2861 rerum
753 2808 961 2883 repugnantiam
971 2827 1008 2863 no

116 2887 177 2942 Iam
190 2902 215 2940 te
226 2899 333 2944 autore,
355 2882 420 2936 vites
427 2883 517 2937 toxica
530 2877 630 2944 ferent,
652 2888 678 2937 δι
692 2878 757 2937 ficus
771 2884 897 2937 cicutam.
919 2883 997 2958 Quid

116 2979 173 3019 tam
196 2959 269 3017 reslo
285 2959 449 3013 contrarium
464 2993 472 3020 ,
498 2975 579 3030 quant
599 2957 841 3032 implacabilitas&
856 2958 1008 3015 inclementi

113 3056 177 3096 curn
189 3032 317 3095 adfuerit,
338 3034 420 3088 omne
434 3032 567 3107 perturbat
578 3029 700 3088 officium
717 3071 725 3097 ‚
752 3052 799 3090 nec
818 3034 901 3091 ullum
918 3037 1008 3109 aquit:

112 3118 172 3192 quit
184 3113 289 3175 locum,
309 3126 355 3165 aut
370 3109 472 3185 pietati.
511 3109 577 3181 Quo
591 3106 621 3163 lit
634 3136 642 3172 ,·
669 3109 849 3165 utelemenria
862 3128 1000 3187 tantopere

111 3210 129 3246 a
141 3192 288 3251 Cicerone,
310 3202 339 3242 ut
351 3184 436 3247 dicat,
461 3186 529 3239 nibil
538 3203 566 3239 ea
579 3187 735 3241 laudabilius
751 3223 759 3249 ,
781 3187 853 3255 'nibil
863 3207 953 3262 niagno
969 3190 1001 3257 da·

109 3270 171 3322 nito
181 3268 283 3340 dignius
296 3287 305 3318 .·
325 3268 352 3317 δι
365 3264 394 3317 in
408 3258 510 3317 Caesare
523 3260 657 3317 laudando
670 3281 726 3317 non
738 3261 842 3333 dubitat
856 3254 1005 3338 praeclatilll

109 3342 187 3398 rebus
201 3338 298 3421 gellis,
318 3344 345 3394 &
357 3335 485 3393 universis
498 3338 639 3394 virtutibus
652 3338 759 3411 reliquis
773 3336 945 3395 clementialm
962 3358 1006 3395 ant

141 3413 338 3492 uidigiturest?
358 3412 437 3471 Niltil
452 3411 523 3469 aliud
538 3432 621 3475 certe,
643 3411 691 3469 nis
707 3412 779 3488 quod
796 3414 850 3470 baec
864 3411 1008 3471 officiorun

106 3492 135 3550 eli
161 3493 270 3568 iuguete
280 3510 334 3547 non
344 3485 472 3545 didicisti.
493 3492 590 3566 Neque
603 3492 676 3545 enim
692 3485 841 3545 uetfenum
854 3487 977 3547 offitium
993 3493 1008 3545 ir

106 3571 192 3632 citur,
212 3565 284 3642 quod
299 3567 370 3622 flesti
386 3561 484 3630 nescit,
505 3584 549 3631 aur
561 3566 634 3641 quod
651 3565 869 3640 nequelocotum
886 3592 897 3637 ,-
923 3586 1008 3642 neque

106 3656 186 3709 euru,
209 3660 294 3719 neque
306 3639 478 3716 personarum
495 3642 628 3698 rationem
642 3661 687 3697 aur
701 3640 832 3698 dennuni
847 3641 926 3699 habet
941 3663 949 3698 ι
980 3663 1008 3697 ιιι

106 3725 166 3784 nin
178 3714 303 3779 officium
316 3715 526 3793 esteiul'urodi,
552 3735 581 3776 ut
598 3718 762 3796 nennius,
790 3717 891 3777 nedum
913 3715 944 3777 sn
965 3737 1008 3796 per
