2490 4492
92 294 101 327 2
123 257 255 337 laq-rm
259 262 370 343 formica
381 260 550 321 dominatur?
566 260 596 335 fi
612 280 673 321 verr
686 162 944 339 l'err'prrurr'crrszdr'l3

84 336 260 415 sustatuiffir
271 336 317 415 ψ
330 376 339 402 ,
365 340 556 415 prodiciam
569 342 628 397 viu
638 356 684 417 per
708 353 826 395 ortuum
838 340 940 397 detrahi

96 430 125 473 er
140 414 163 487 fi
176 428 230 472 ianr
235 416 316 491 firma
320 413 493 493 fundamenta
504 416 666 491 voluptatist
685 412 860 491 «statuuat,
882 418 941 493 quis

84 508 160 553 ruram
171 494 201 549 ιἰι
208 492 322 569 sorum
333 492 481 569 potestatem
490 494 599 569 praere?

84 650 198 713 >crima
212 646 323 714 ollava
343 648 427 715 cdii
445 646 624 743 Calcagm'nr‘
638 642 813 739 disquifitr'o.
926 684 931 711 ι

84 790 236 850 wiciorum
251 792 338 846 tertio.
377 784 541 851 Elletiam,
568 786 676 857 inquit,
698 786 737 858 jus
748 786 888 857 bellicum,
907 780 941 849 lla
1054 782 1058 791 ’

84 866 273 943 ejurisjutartdi
281 865 345 941 sape
353 862 422 923 ltosti
429 862 563 921 servanda.
584 860 668 937 Quod
679 864 752 919 euim
766 866 881 937 juratum
890 866 940 933 est,

84 948 215 1031 suciperet
225 940 282 999 lieri
294 960 434 1019 oportere,
454 940 480 995 id
489 934 683 995 observandum
695 936 743 995 est.
762 940 847 1018 Quod
854 944 941 1009 aliter,

84 1012 185 1085 lecerit,
204 1020 307 1077 trullum
321 1019 463 1093 perjurium
472 1013 521 1072 est.
540 1034 568 1071 ur
581 1010 600 1070 si
614 1014 782 1089 praedonibus
794 1038 845 1093 pro
856 1020 944 1095 eapite

86 1118 123 1153 on
137 1097 272 1159 attuleris,
291 1094 362 1151 nulla
372 1092 445 1150 fraus
458 1090 511 1149 est:
532 1110 565 1147 rte
578 1088 596 1148 si
611 1094 710 1162 iuratus
720 1092 830 1170 quidem
843 1094 872 1151 id
883 1114 941 1153 uon

84 1177 148 1229 lam
164 1175 249 1248 pirata
263 1191 318 1227 nou
330 1168 412 1227 estex
425 1167 598 1245 perduellium
611 1186 726 1223 numero
736 1166 876 1237 delinitus,
897 1170 942 1229 sod

84 1272 91 1306 ι
103 1248 188 1305 hostis
198 1248 337 1303 omnium.
357 1249 430 1302 Cum
444 1242 496 1301 lioc
508 1263 562 1300 riou
576 1238 640 1299 fides
653 1236 702 1299 ell'e
712 1243 805 1311 debet,
824 1266 880 1305 uorr
888 1244 944 1321 jurj·
1045 1260 1051 1269 ·

89 1342 246 1383 commune.
284 1324 425 1379 nonenim
438 1318 532 1377 falsum
548 1320 652 1393 jurare,
682 1320 867 1395 pejerareest:
894 1320 942 1399 leil

86 1403 154 1458 nimi
169 1402 209 1457 tui
223 1399 492 1467 sententiajuraretis.
512 1394 575 1453 licut
586 1394 670 1452 verbis
680 1399 846 1475 coneipitur,
865 1420 944 1459 more

84 1498 136 1535 nori
148 1475 248 1539 facete,
269 1476 413 1551 perjurium
424 1470 474 1529 est.
511 1473 578 1529 Scite
591 1473 663 1527 euim
676 1472 830 1551 Euripides:
850 1478 945 1535 luraut'

84 1571 167 1611 reatem
179 1551 321 1627 injuratum
329 1570 403 1626 gero.
430 1548 547 1628 Regulus
561 1567 624 1603 vero
637 1566 692 1605 uon
705 1548 796 1609 debuit
810 1552 944 1611 conditio-

84 1628 186 1707 ·nesque
196 1628 299 1685 bellicas
316 1632 343 1683 δι
356 1623 463 1682 hostiles
476 1624 626 1703 perturbere
640 1626 766 1700 perjurio.
786 1632 859 1687 Cum
873 1626 944 1702 justo

84 1702 274 1841 &illabili
287 1699 945 1856 {tssl‘lzl'{0:0²l'5lllt‘ltlellz‘llll

86 1878 114 1915 m
129 1856 203 1915 suam
220 1853 348 1919 setvalle,
376 1873 461 1932 quum
481 1851 624 1927 jurandum
642 1855 767 1927 cuiquam
787 1856 943 1923 arbitratur,

84 1954 100 1991 is
110 1935 243 2010 concipiat
255 1931 311 1988 fieri
325 1951 381 1989 riori
391 1949 524 2008 oportere.
562 1926 704 2005 prasertim
718 1949 802 2007 quum
816 1934 844 1989 iu
859 1930 902 1993 his
912 1934 946 1992 li.

84 2012 138 2067 ctis
152 2013 302 2067 Stoicorum
323 2026 423 2064 nomen
439 2004 556 2062 dederit:
575 2005 645 2080 apud
659 2024 725 2081 quos
737 2006 823 2064 nullus
836 2006 873 2065 est
887 2028 944 2069 tant

84 2107 135 2149 us,
155 2088 201 2161 qui
214 2088 242 2142 iu
255 2081 421 2141 ronllarrtem
437 2084 525 2139 vitum
538 2080 628 2137 cadere
637 2078 728 2157 poffir,
748 2085 858 2157 quinon
867 2086 945 2145 malit

85 2182 130 2219 am
147 2164 291 2238 quicquam
307 2178 398 2236 ptaetet
412 2156 439 2213 di
461 2160 572 2215 rriratem
588 2156 708 2237 aggredi.
747 2162 829 2217 Nunc
847 2164 942 2229 mitro,

84 2259 107 2297 te
120 2239 239 2315 pradoni
253 2233 396 2293 fallendam
408 2231 427 2291 fi
446 2254 506 2299 rm,
527 2252 612 2310 neque
622 2233 742 2314 gladium
755 2234 857 2295 furioso
869 2238 943 2313 abju-
960 2230 964 2243 '

84 2334 168 2373 uram.
188 2312 272 2390 Quod
285 2313 304 2370 st
316 2332 350 2369 ex
364 2309 498 2369 severitate
511 2306 556 2367 illa
565 2311 670 2377 Stoica,
690 2318 717 2369 &
728 2312 828 2370 duticie
840 2312 942 2374 summi

84 2388 200 2456 officii,
219 2390 272 2447 alio
283 2389 342 2446 loco
355 2408 371 2445 a
383 2388 461 2445 uobis
474 2387 636 2461 improbari,
657 2388 757 2463 aliquid
768 2389 941 2449 recidendum

111 2464 174 2525 sarie
190 2468 270 2523 tacito
288 2464 405 2541 quodam
426 2462 569 2519 homiuum
587 2462 686 2534 judicio
700 2462 873 2523 constiturum
885 2466 943 2537 est,

84 2546 97 2599 i
110 2551 137 2601 δι
152 2541 242 2600 licario
255 2539 321 2599 fides
335 2540 460 2599 servetur.
478 2542 545 2597 Non
560 2540 623 2613 quia
639 2537 668 2595 fit
681 2559 714 2596 ex
729 2541 940 2615 perduellionum

84 2612 214 2684 elloitus,
235 2638 283 2676 trec
303 2635 332 2675 ut
350 2636 384 2673 ex
404 2615 450 2673 suo
468 2614 560 2673 scelere
571 2614 671 2691 aliquid
683 2616 822 2674 commodi
834 2618 941 2677 lucrifa-

84 2715 117 2753 ιιι
129 2695 230 2753 violato
242 2701 291 2751 hoc
304 2692 471 2766 jurejurando
482 2692 604 2766 protinus
615 2692 725 2749 materia
733 2691 942 2766 deruradmajus

86 2773 187 2849 captivi
201 2808 211 2836 ‚
236 2768 338 2846 quispe
351 2768 444 2845 praedae
455 2766 589 2825 servantur
602 2804 611 2830 ,
640 2768 823 2845 utaliquando
837 2772 940 2831 incolu-

84 2866 182 2910 :aurur‚
204 2844 309 2924 praecisa
322 2844 441 2902 utilitatis
452 2844 635 2920 erpedatiorte
649 2881 659 2908 ‚
686 2846 804 2903 astutum
817 2848 940 2925 jugulum

84 2918 208 2981 :aruilici
246 2920 314 2979 lllud
346 2939 433 2997 troque
446 2940 503 2977 nori
516 2919 594 2977 rideo
606 2921 747 2997 quomodo
759 2921 865 2998 probari
879 2919 940 3001 pos·

84 3020 110 3057 m
128 3001 216 3073 jurare
234 3018 290 3056 nori
308 2940 355 3055 ede
374 2998 511 3073 pejerare,
536 2995 579 3053 sed
599 2996 672 3071 quod
686 2999 817 3055 exanimi
829 3001 868 3057 tui
881 2998 942 3059 seu·

84 3078 174 3134 tretis.
212 3076 283 3132 Sicut
302 3076 374 3131 enim
394 3075 481 3131 oratio
500 3092 556 3131 nott
574 3070 708 3137 diceritis,
741 3072 784 3131 scd
808 3074 941 3149 audientia

84 3170 149 3210 enta
169 3146 231 3208 est:
260 3150 299 3207 ita
316 3148 499 3222 jusjurandum
520 3169 575 3207 non
595 3150 649 3219 ejus
673 3152 719 3227 qui
744 3148 942 3226 lejuramerito

84 3268 93 3295 ,
114 3226 159 3287 sed
170 3230 226 3299 ejus
240 3228 284 3284 cui
295 3224 470 3306 obstringitur
481 3224 557 3283 causa
569 3224 720 3283 institutum
736 3222 784 3283 est.
824 3230 857 3285 Et
876 3248 941 3307 pro·

84 3326 144 3372 tas,
171 3323 201 3361 ut
216 3300 314 3366 fallas,
343 3301 376 3359 ab
393 3300 452 3379 ipso
471 3300 552 3379 usque
572 3303 704 3379 principio
723 3305 869 3377 periurium
888 3302 939 3365 est.

84 3384 89 3441 l
102 3380 176 3439 aliud
189 3381 302 3455 peierare
313 3374 352 3434 est
366 3415 375 3439 i
408 3378 456 3437 trist
469 3398 606 3455 perperam
619 3386 645 3435 &
661 3380 688 3433 itt
699 3378 805 3437 alterius
815 3378 940 3441 fraudem

84 3456 141 3531 ‚uod
154 3459 182 3513 iri
197 3454 259 3531 ipfis
272 3450 303 3511 fit
314 3452 435 3530 auspiciis
449 3493 458 3521 ‚
483 3474 567 3530 quum
580 3456 666 3512 verbis
677 3457 810 3531 conceptis
822 3475 847 3513 re
858 3460 886 3515 iri
899 3461 941 3533 ju·

96 3534 207 3615 adigis:
227 3550 306 3607 arque
320 3533 356 3586 ita
366 3530 469 3590 inducis
483 3533 607 3587 animum
624 3568 633 3594 ‚
660 3548 688 3587 ut
700 3532 755 3604 jam
769 3551 842 3589 tuam
857 3530 943 3593 fidem

84 3606 947 3761 llssllillltll‘lllllltss;{2{:,⁰2‘::ll‘3„.s‘,·ilz;

341 3720 350 3753 ³
680 3720 690 3753 θ

885 3778 948 3817 oro·
973 3798 978 3809 ·
