2490 4500
101 224 181 319 24⁶
1059 194 1148 329 ,ξ

131 388 417 500 IactlurGrifolus
432 403 476 475 ed
491 411 618 475 tertiam
635 402 790 475 decimam
810 398 895 477 ctlit'
910 390 1085 506 Caleagninl
1130 336 1148 511 ἒ

494 501 740 611 disquisitionem.
1131 516 1148 629 *p

105 683 253 837 Cleero
264 682 347 743 trahit
359 678 481 739 officium
494 676 669 746 abhonello,
687 680 721 739 ab
734 658 812 747 utili,
832 698 890 739 tum
908 680 963 759 qno
977 680 1058 741 modo
1068 703 1110 819 ppt,
1131 642 1149 733 i.

179 780 243 842 guet
255 756 398 819 honestum
414 777 474 815 eum
491 758 569 822 utin,
588 756 653 835 quitl
665 750 781 814 ltonesto
795 753 955 823 ltouellius,
1006 760 1050 817 uid
1062 766 1092 817 ut'

106 842 198 899 utilius
209 834 405 915 explorandum
423 835 561 911 proponit.
589 851 616 891 ar
628 846 705 913 egoa
718 832 836 905 iucundo
848 854 958 912 quoque
970 780 1058 894 nlntio
1069 856 1109 893 et·

32 934 36 941 ·
105 915 270 993 quirendum
284 931 358 991 puto.
396 912 423 967 Si
446 910 541 969 Caelius
561 909 625 985 quid
646 913 688 969 hic
708 907 851 977 honestum
867 910 898 969 stt
913 912 985 988 apud
1001 908 1110 971 Meretri

105 993 231 1051 Tullium
244 991 330 1048 dicere
342 982 460 1045 toluill'et
473 1024 481 1049 ‚
506 987 604 1043 re't‘lius
616 1005 683 1045 cette
696 988 798 1044 locutus
809 982 880 1044 ellet.
909 1007 961 1046 nec
973 984 1111 1047 officiume'
1138 1020 1149 1037 ι

106 1065 377 1149 jtteuuditate'dueete
393 1058 523 1120 voluillet.
562 1061 785 1121 namlallume'st
817 1083 944 1129 ttmum‚
970 1062 1112 1129 uthieaitt
1139 1050 1150 1133 ζ

108 1147 269 1203 Ciceronem
282 1136 404 1199 officium
415 1138 518 1197 ttaltere
530 1138 563 1197 ab
577 1136 691 1197 honesto
707 1177 716 1204 ,
745 1148 772 1197 &
784 1083 818 1199 al
831 1138 889 1197 utili
903 1179 912 1204 ,
933 1160 996 1198 corn
1012 1140 1060 1213 hue
1070 1140 1111 1197 lto'·
1141 1166 1150 1213 ;

104 1219 233 1285 nestum,
253 1238 282 1277 ut
301 1221 353 1291 jam
370 1215 429 1274 satis
446 1216 536 1274 multis
550 1214 711 1273 declaratum
725 1212 779 1280 ell,
799 1213 924 1275 officium
939 1214 981 1273 fit.
1002 1214 1110 1283 officiunt

109 1300 183 1373 enim
199 1303 226 1354 δι
239 1295 266 1353 id
279 1333 288 1361 ,
310 1291 379 1351 unde
391 1293 543 1355 duceretur,
564 1292 635 1348 idem
648 1287 722 1355 oller,
744 1306 799 1370 quo
812 1288 881 1349 nihil
892 1291 1043 1351 absurdius.
1074 1290 1111 1351 led

108 1374 163 1442 hoe
175 1371 213 1431 est
228 1370 370 1430 secundum
383 1369 447 1425 illud
462 1366 621 1434 honestum,
644 1368 716 1446 quod
728 1368 807 1426 habet
821 1362 1025 1427 stmilitudiuetn
1039 1388 1112 1446 quau·

108 1448 175 1508 dam
186 1450 240 1505 veti
254 1485 263 1512 ,
281 1454 308 1504 &
321 1444 430 1523 petiedli
444 1440 559 1501 honesti.
578 1442 672 1502 fallunt
685 1438 724 1502 est
740 1464 879 1521 preterea,
895 1447 971 1523 quotl
985 1446 1014 1503 in
1027 1434 1112 1503 uolltit¹
1142 1474 1150 1497 ι

109 1524 261 1584 titionibus
274 1520 391 1579 honestis
400 1520 545 1594 jucundum
563 1521 636 1596 sequi
649 1521 802 1579 debeamus.
834 1524 928 1578 vetum
944 1523 977 1580 tle
992 1522 1044 1581 lroc
1055 1524 1111 1579 inni

109 1600 240 1661 dicemus.
261 1618 331 1655 nune
345 1596 422 1653 redeo
435 1597 467 1654 nd
481 1595 636 1654 honestum.
674 1598 757 1731 (prod
767 1599 849 1675 igitur
861 1600 890 1655 in
902 1598 1110 1665 deliberationem

108 1678 203 1741 eadit,
230 1681 256 1733 δι
272 1670 451 1731 honestumne
465 1692 500 1729 an
516 1676 593 1750 tuipe
605 1672 677 1733 fanu
699 1692 741 1740 tt,
767 1676 912 1751 queritur,
933 1672 1032 1741 idest,
1051 1658 1114 1754 quod
1144 1688 1151 1741 ;

108 1754 190 1813 nobis
203 1771 263 1810 eum
279 1753 382 1808 tatione
393 1748 546 1807 laciendum
559 1752 746 1825 proponimus.
766 1747 796 1807 id
809 1769 898 1808 autem
911 1752 1112 1813 nobissatlserit·
1144 1758 1151 1823 ἰ

109 1820 294 1891 fihonestum
315 1825 363 1884 elle
381 1818 552 1904 intelligatur.
591 1826 839 1893 mmrdemutile‚
871 1822 1116 1904 atquejustumele'
1144 1832 1151 1881 l

109 1903 210 1968 metelle
223 1908 297 1970 etii,
323 1923 351 1962 ut
370 1906 398 1961 in
420 1901 534 1960 secundo
552 1903 585 1961 de
603 1898 655 1960 off.
670 1904 826 1961 austotitate
840 1902 992 1963 multotum
1011 1898 1116 1989 philolo·
1145 1906 1151 1969 ξ

108 1984 229 2064 phorum
242 1983 336 2038 Cicero
349 1977 504 2037 confirmat.
525 1998 609 2058 neque
620 1978 658 2037 est
670 1979 720 2036 ulla
733 1981 812 2043 tatio,
836 1999 890 2054 qua
901 1979 1047 2053 secundum
1056 1977 1115 2039 Stoi·

109 2081 157 2121 eos
169 2058 232 2118 utile
244 2045 575 2117 distrahaturabltone'sto.
598 2055 693 2133 deque
707 2076 734 2112 re
748 2058 778 2112 in
792 2054 1129 2135 eodemcopipsedispuot
1147 2114 1152 2129 ,

109 2154 170 2204 tut,
190 2138 219 2193 in
232 2140 310 2194 tertio
323 2153 385 2191 vero
402 2131 456 2190 haec
468 2134 537 2189 intet
548 2133 573 2191 se
585 2153 702 2213 pugnate
714 2132 786 2189 nullo
801 2130 884 2189 modo
899 2130 981 2208 polle.
1016 2154 1061 2192 cur
1071 2130 1115 2211 igi·

110 2228 191 2273 tutet
200 2215 344 2276 Panaetius,
366 2216 393 2266 δι
405 2207 464 2284 post
477 2228 540 2266 eunt
556 2213 651 2266 Cicero
666 2208 808 2283 partitione
821 2206 867 2266 sua
879 2202 1044 2267 diviserunt?
1061 2210 1116 2287 quii
1150 2226 1152 2231 ·

111 2309 191 2349 more
205 2288 277 2364 vulgi
293 2286 457 2361 loquendum
478 2283 553 2351 luit,
579 2306 608 2344 ut
619 2288 806 2362 imperitorum
820 2304 893 2344 ettot
909 2288 973 2345 inde
984 2272 1115 2345 tolleretur}

112 2361 209 2422 deinde
221 2362 344 2438 quamvis
359 2361 468 2418 alterum
483 2361 516 2418 ab
530 2363 613 2420 altero
629 2383 683 2419 non
699 2362 843 2438 separetur,
864 2364 1030 2441 cogitatione
1037 2360 1116 2419 temeti

111 2434 727 2518 separaripotest&diversamtationemhabet.
747 2436 788 2495 sed
805 2458 904 2515 quaetat
917 2437 1114 2516 quisquequen·

112 2537 171 2575 tum
185 2516 262 2580 libet,
285 2533 422 2592 nunquam
436 2533 547 2591 reperiet
562 2516 607 2572 ubi
624 2513 655 2571 fit
670 2535 700 2571 ea
714 2516 825 2579 tuntas,
846 2524 930 2590 quam
941 2517 1115 2575 Cieet0&l‘t·

112 2596 210 2653 narius
222 2593 390 2671 intelligunt,
410 2590 509 2647 ibidem
526 2588 605 2647 fimul
616 2584 663 2648 elle
679 2588 747 2668 polle
759 2592 965 2665 turpitudinem.
987 2612 1072 2669 neque
1081 2592 1116 2645 νέ-

113 2679 148 2729 t'o
160 2670 326 2741 deliberanda
340 2668 400 2725 sunt
410 2685 440 2723 ea
452 2704 472 2733 ,.
488 2668 625 2742 inquibus
640 2688 694 2724 non
707 2663 819 2725 honesta
831 2665 862 2725 stt
877 2668 1044 2726 deliberatio.
1080 2662 1118 2724 ubi

114 2755 203 2807 eutem
220 2746 250 2804 fit
262 2742 385 2803 honestas
402 2779 410 2807 ‚
438 2743 476 2799 ibi
491 2740 588 2815 justitia
603 2743 632 2799 fit
647 2740 740 2800 netelle
752 2742 800 2801 ell.
839 2762 864 2799 at
879 2742 998 2803 honestae
1012 2738 1120 2803 tillonis¹

113 2822 211 2882 nostrae
232 2824 295 2880 alias
316 2819 385 2877 mihi
406 2817 528 2877 ridentur
544 2822 722 2877 emolumenti
734 2821 848 2877 aliorum
866 2806 964 2879 liabete
977 2824 1118 2883 rationem.

114 2890 211 2959 alias&
220 2894 403 2962 nostriimul‚
424 2903 450 2953 δε
463 2896 576 2954 aliorum
588 2935 597 2963 ‚
620 2897 750 2954 alias-stne
762 2895 918 2975 cujusquam
933 2898 1034 2967 injuria
1045 2886 1119 2953 uollti

115 2982 234 3037 iautum.
262 2977 391 3063 quoniam
406 2991 540 3049 veroque
554 2974 676 3050 prospere
690 2966 783 3037 nobis,
802 2980 828 3029 dt
839 2974 988 3031 commode
1005 2978 1078 3045 lunt.
1094 2992 1121 3031 ee

116 3052 355 3137 inagissentrmus,
374 3050 477 3108 stilum
491 3046 530 3105 est
542 3046 730 3107 consuetudine
742 3048 858 3127 quadem
872 3069 900 3106 ut
916 3048 1120 3125 ltaecutilrapte·

114 3134 192 3209 iipue
211 3130 396 3188 nominentur.
434 3146 549 3201 eumque
570 3129 677 3202 propria
699 3129 796 3185 utilitas
817 3126 977 3202 plerumque
997 3120 1123 3205 pettutbti
1150 3138 1154 3155 ¹

115 3212 269 3271 lationem,
289 3206 433 3263 docuerunt
444 3200 587 3259 dodltffimi
596 3205 647 3259 viti
660 3200 890 3277 quemadmodum
899 3200 1121 3263 servatahonella·

116 3286 143 3340 te
155 3285 294 3342 utilitatem
309 3278 420 3360 quisque
432 3279 506 3336 snam
521 3297 636 3357 querere
652 3282 782 3338 videntur.
802 3276 831 3335 id
841 3280 914 3352 quod
928 3278 957 3336 in
970 3276 1082 3339 secundo
1093 3278 1125 3339 de'.

116 3358 190 3418 offic·
206 3361 274 3418 libro
285 3360 379 3416 Cicero
392 3352 503 3434 perlicit.
544 3373 572 3413 ut
588 3376 677 3413 autem
692 3359 784 3414 omnis
796 3354 868 3412 ambi
887 3354 961 3413 ¹uitus
979 3358 1120 3429 tolleretur,

117 3439 147 3495 in
163 3439 240 3492 tertio
250 3435 374 3494 discernit
388 3435 451 3490 utile
461 3452 514 3487 cem
526 3424 623 3503 lunesto
635 3449 750 3509 pugnate
761 3454 810 3489 non
820 3373 894 3507 μβ.
934 3433 991 3505 jam
1010 3434 1126 3491 ridemus-

118 3509 169 3571 itist
182 3510 280 3574 fallor,
305 3531 351 3569 eut
364 3506 509 3586 graviffimi
524 3511 573 3565 riti
588 3509 721 3589 sejungere
734 3509 873 3587 partiendo
885 3507 1049 3575 videantur,
1070 3506 1123 3583 qui.

119 3589 223 3666 semper
234 3589 376 3659 coniuncta
392 3583 472 3650 suut,
497 3581 540 3642 sed
557 3589 718 3663 uoluptatis,
750 3590 780 3649 do·
801 3584 899 3641 'ttitndt'
917 3588 1014 3645 Cicero
1032 3590 1117 3657 nullm

119 3685 230 3743 unquam
244 3668 368 3721 tntit'nent
381 3665 481 3719 babuit.
508 3670 571 3719 nam
588 3665 616 3718 in
628 3666 706 3719 tertio
718 3662 779 3720 deo
812 3661 860 3719 ciis
874 3656 948 3719 nihil
957 3676 1074 3740 unquam
1085 3660 1117 3717 di·

119 3745 180 3816 ait,
200 3740 274 3823 quod
286 3740 321 3801 ad
334 3740 411 3801 cent
421 3739 569 3809 calumnias
582 3738 658 3818 polit
671 3738 882 3803 accommodati.
912 3740 982 3819 quid
991 3744 1047 3801 itae
1066 3736 1119 3873 epp:
