2490 4500
116 368 191 417 ereo,
212 348 329 409 homine
339 349 485 416 Romano,
502 362 604 405 tantam
617 343 669 404 etl'e
684 345 837 409 seientiam,
858 362 888 404 ut
900 342 983 424 nsque
994 364 1010 403 a
1023 266 1110 410 state

88 434 96 461 ³
116 426 204 487 thfio
218 427 254 483 de
274 428 393 482 Deorum
417 442 510 481 natura
532 424 755 500 Philosophorum
776 420 917 479 sententiar
933 442 1109 485 enumeraret.

88 460 163 622 lh
173 522 245 563 certe
256 503 317 559 loeo
329 503 443 557 Scientia
456 520 512 557 nnn
527 520 575 574 pro
588 503 664 557 certis
677 538 686 564 ,
707 518 738 556 ac
752 497 896 556 necessariis
909 504 1027 575 capitur,
1047 522 1109 561 cum

88 578 303 657 „hegennehe
314 574 395 633 effert
407 577 630 653 Philosophorum
646 575 788 633 sententia.
828 579 892 633 ch
912 594 1036 653 preterea·
1051 577 1111 638 sunt

88 633 106 733 Ξῖ
116 660 197 715 rania
210 656 350 710 Ciceronis
360 654 454 717 rerba,
473 656 585 711 Scientr‘n
598 657 638 710 rei
651 656 790 715 militaris,
810 655 923 708 Stiente‘a
928 652 999 727 juris
1008 658 1110 721 civilis,

88 732 200 815 meli
213 734 246 793 ὰ
258 729 391 806 stridendi
403 732 515 786 Scitntie
528 767 536 794 ,
565 748 646 786 ornnes
656 744 725 785 erret
735 734 764 784 in
776 730 866 801 eliqua
870 725 982 804 scientia
992 731 1111 806 uersari:

103 806 246 885 dequibus
260 806 384 879 exempla
398 824 453 861 non
465 806 568 862 adduco
587 843 596 870 ,
634 806 764 883 quoniam
778 802 869 881 paslim
883 807 1021 862 Ciceronis
1031 826 1110 881 opera

113 882 343 1017 kptntibueobeia
354 879 424 936 sunt.
445 882 616 939 Prudentiam
632 900 709 946 vero,
729 881 762 938 de
777 879 875 958 quaesi
886 900 978 937 ornnrs
992 880 1111 941 hocloco

102 958 135 1017 dr
146 961 272 1037 porario,
298 974 348 1014 tros
359 959 395 1012 ita
405 959 551 1033 accipimus
566 995 575 1020 ,
599 976 628 1015 nt
638 976 750 1015 omnem
766 956 942 1032 cujuscunque
954 959 993 1015 rei
1009 962 1110 1019 redlarn

110 1033 308 1113 intelligentiam
322 1030 466 1110 sgnifieet,
486 1052 544 1089 non
556 1052 643 1091 autent
658 1053 686 1091 ur
698 1036 726 1090 in
735 1032 917 1113 easangustias
926 1036 1112 1110 compelletur,

113 1106 1112 1257 nuernthirrenumtrimiirritante
1201 1173 1205 1178 ·

114 1264 254 1397 mentite
267 1279 366 1337 partem
382 1262 517 1337 quandam
528 1259 580 1318 else
592 1264 726 1319 volumus.
745 1204 902 1319 surrentin
916 1261 1028 1321 scientie
1039 1228 1113 1342 que:

187 1339 281 1417 procul
293 1338 328 1394 eb
339 1335 478 1395 honestare
490 1356 599 1396 remote
615 1380 623 1406 ,
649 1358 710 1395 turn
725 1339 822 1414 quibus
833 1339 971 1415 prodentia
983 1358 1039 1396 non
1054 1360 1112 1417 per·

117 1414 247 1473 tristetur:
268 1416 359 1471 omnis
370 1417 444 1471 enim
476 1414 610 1478 rudenria‚
630 1434 691 1489 qua
700 1416 806 1490 proprie
816 1414 928 1479 dicitur,
948 1414 1112 1491 semperlau·

117 1490 203 1549 labilis
217 1508 298 1568 atque
309 1486 422 1547 honesta
432 1433 481 1546 etl.
508 1498 534 1547 ει
551 1491 602 1546 hoc
612 1490 651 1547 est
662 1489 734 1568 quod
745 1493 783 1547 ait
793 1492 903 1548 Cicero:
924 1493 1025 1567 Qiies
1036 1499 1118 1553 vititr

117 1570 262 1631 declinetis,
290 1570 359 1641 prend
370 1568 399 1621 in
414 1570 489 1622 redet
504 1567 609 1643 horestis
625 1571 657 1629 dte
670 1571 811 1638 cognitione
820 1570 905 1644 dignit
915 1584 992 1642 epm
1001 1588 1116 1645 tetreque

115 1654 212 1721 peretur
224 1680 234 1707 ,
264 1647 294 1699 id
299 1642 362 1716 jere
374 1644 545 1706 laudabitur,
571 1661 601 1698 nt
613 1647 641 1698 in
656 1644 803 1719 Alie-elegia
813 1645 846 1699 C.
857 1645 996 1719 Sespitittnt
1007 1650 1115 1703 aedivi-

117 1734 181 1783 ης,
199 1724 228 1777 itt
239 1720 385 1775 Geometrie
400 1721 476 1775 Sext.
492 1719 632 1794 Pompejunt
643 1720 690 1793 ipſs
700 1724 858 1795 cognevimus
868 1758 876 1784 ,
904 1722 995 1778 renitor
1005 1725 1034 1776 in
1046 1727 1115 1779 Die·

118 1796 223 1861 Miris,
252 1798 377 1871 pieresin
390 1795 530 1851 lereciuili
542 1832 551 1857 ,
578 1800 839 1867 queomnesartesitr
852 1795 1117 1871 uerit'trrrtstigetierte

118 1870 262 1945 uersentur.
298 1871 370 1935 Sed,
395 1887 424 1926 ut
434 1868 537 1928 facilius
548 1870 710 1948 intelligatur
720 1868 793 1945 quod
807 1868 931 1926 volumus
947 1908 955 1935 ‚
983 1874 1062 1945 paulo
1075 1874 1115 1931 al·

88 1950 96 2003 l
118 1946 162 2004 tint
173 1966 213 2004 ter
226 1946 368 2024 repetenda
379 1946 428 2001 est.
467 1950 536 2007 Dico
550 1949 652 2023 igitur,
672 1947 741 2021 apud
758 1947 866 2002 Latinos
880 1947 930 2002 tria
942 1940 989 2003 elle
1001 1951 1117 2007 vocabu-

88 2012 98 2087 Ι
120 2018 153 2089 h,
171 2042 232 2097 qure
246 2025 274 2081 iu
286 2024 362 2080 reb'us
375 2021 494 2080 honestis
505 2021 575 2078 idem
590 2040 654 2096 pene
670 2019 837 2103 fignificentt
865 2024 1053 2089 Prudentiam,
1069 2030 1115 2082 Sa·

88 2094 96 2165 ’ς
118 2100 258 2175 pientiam,
277 2102 431 2156 seientiam.
468 2098 566 2176 quibus
581 2116 671 2154 tamen
685 2098 779 2156 ordine
792 2095 912 2174 quodam
927 2100 1038 2156 naturali
1052 2103 1117 2159 Pru«

88 2174 96 2276 f
120 2174 385 2253 &ntiaprzponatm
423 2177 565 2252 Quoniam
576 2171 1045 2252 Prudentiarisquaedamestanimi,
1062 2196 1117 2254 qua

94 2246 98 2263 '
120 2256 242 2309 &rerum
263 2252 329 2328 qnid
350 2250 380 2307 ht
399 2252 599 2328 intelligimus,
628 2258 654 2309 dt
670 2271 729 2325 quer
742 2248 801 2309 sunt
813 2270 847 2307 er
866 2250 983 2315 etenda,
1013 2271 1058 2310 arrt
1073 2252 1117 2313 fu-

88 2307 105 2399 ῗ,
119 2326 207 2407 p'tuda
218 2325 408 2405 cognoscimus
420 2348 427 2383 ε
441 2330 517 2397 ,unde
532 2325 710 2403 saepenumero
725 2347 773 2403 pro
781 2271 895 2386 consilio
907 2365 916 2392 ,
944 2346 1024 2403 arque
1036 2333 1117 2388 ratio-

88 2438 93 2465 ι
119 2418 147 2459 te
160 2404 304 2463 Prudentia
315 2405 380 2480 porri
394 2401 467 2461 solet.
504 2405 600 2461 Cicero
620 2403 733 2461 secundo
747 2403 779 2460 de
791 2408 895 2463 Natura
912 2407 1032 2461 Deorum
1047 2428 1055 2464 ε
1080 2410 1117 2465 si-

88 2500 92 2519 =
117 2476 251 2539 Mentem
260 2484 331 2555 prend
338 2484 421 2536 uincit
432 2481 481 2536 lter
492 2484 597 2545 omnia,
622 2485 747 2537 rationem
757 2484 831 2546 dice,
859 2485 891 2544 st·
898 2481 928 2554 fi
941 2482 1023 2555 piaret
1032 2485 1117 2559 pleri·

88 2547 94 2561 ”
116 2554 278 2621 bruniis,
308 2570 438 2621 mentm,
463 2558 616 2630 confilium,
643 2560 837 2632 cogitationem,
865 2560 1047 2631 prudentiam,
1073 2565 1118 2617 reli

88 2650 90 2667 ¹
114 2632 269 2689 mineus?
290 2631 391 2690 Rursus
402 2634 430 2688 in
442 2634 536 2688 eodem
546 2633 630 2697 libro,
651 2633 915 2708 Netverreesseise,
934 2650 987 2708 pree
998 2637 1118 2692 inerran-

114 2718 145 2765 tte
158 2722 314 2773 verenter,
351 2729 400 2766 non
410 2709 558 2785 fignificnnt
578 2713 680 2766 eundern
698 2723 825 2774 mentem,
851 2723 928 2784 etque
945 2713 1116 2783 prudentiam.

113 2782 292 2845 Etinseriue:
315 2786 359 2840 Ex
374 2804 422 2859 qen
439 2785 614 2861 irtePigr'ter,
636 2788 797 2860 prudentiane
813 2804 910 2860 apteque
930 2787 961 2848 el·
978 2803 1082 2845 mentem
1099 2812 1119 2848 e

113 2862 171 2919 litis
182 2866 222 2919 ed
229 2863 341 2918 hemines
350 2856 498 2935 pnuenrffi.
532 2860 634 2917 lbidern
644 2874 658 2917 :'
671 2858 841 2936 Crmq'eefirt
853 2866 880 2917 in
894 2864 965 2919 neiis
975 2865 1118 2939 credilium,

111 2942 197 3001 retie,
215 2940 379 3014 prudentie,
398 2936 486 3011 necefft
498 2938 531 3011 est
542 2941 608 2994 Dens
619 2939 668 2992 dec
677 2935 732 3013 ipse
744 2939 834 2994 deine
844 2937 944 3013 majora
956 2962 965 2995 .-
989 2960 1032 2998 nee
1044 2943 1120 3001 heie-

111 3014 234 3091 resederet
243 3051 252 3078 ,
262 3012 401 3091 sedetiam
410 3016 443 3068 iit
454 3018 494 3068 eti
504 3018 532 3069 in
543 3017 679 3076 mentireris,
700 3016 732 3073 tlt·
743 3017 843 3089 optimis
854 3016 935 3072 relus.
972 3016 1049 3094 Qrid
1066 3021 1122 3098 igr.

111 3086 213 3156 trtrest,
232 3090 402 3165 quodetiam
414 3090 481 3144 Deir
495 3090 692 3146 immortalibus
701 3091 797 3146 Cicero
808 3088 976 3164 prudentiam
990 3094 1122 3153 attribuit?

110 3164 157 3225 rifi
169 3184 202 3225 ut
216 3165 416 3243 intelligemur,
435 3163 463 3221 id
475 3167 592 3221 omnino
604 3161 653 3221 else
664 3167 899 3231 commentitium,
919 3167 992 3242 quod
1008 3185 1039 3225 nt-
1048 3173 1122 3231 nullo

110 3258 203 3303 tutore
215 3238 355 3306 somnias,
376 3238 490 3298 sorrunae
504 3239 646 3314 subjed’eam
660 3238 709 3297 esst
721 3240 908 3317 prudentiam.
928 3251 955 3300 dt
968 3242 1002 3301 ad
1014 3262 1054 3303 rer
1063 3266 1125 3305 tatr-

110 3332 166 3375 tem
182 3316 340 3381 liumanae,
367 3324 394 3375 dt
411 3315 513 3373 suturas
529 3320 638 3373 attinere
654 3327 663 3373 t
689 3319 764 3375 Nam
776 3337 831 3374 nou
848 3321 886 3373 ira
898 3319 985 3376 multo
996 3319 1056 3391 post
1069 3324 1125 3387 hae

108 3394 257 3475 diungitr
283 3394 361 3450 Nihil
370 3408 456 3450 aetem
465 3412 510 3450 nec
522 3392 623 3467 mejite,
643 3412 686 3449 net
696 3396 784 3450 melier
793 3396 909 3452 nreedt:
937 3394 1125 3475 neceffeesser.

104 3486 207 3547 geenne
220 3474 334 3527 Deorum
344 3470 465 3543 confilie,
492 3472 524 3530 de·
537 3472 702 3545 providentie
715 3470 905 3546 administrari.
943 3471 1044 3533 Rursus
1059 3476 1128 3535 inse.

108 3548 184 3605 rius:
203 3544 324 3624 diffinitur
334 3549 417 3603 omnia
434 3549 488 3620 regi
498 3548 591 3602 divine
601 3559 683 3603 retente
695 3560 773 3622 etque
784 3548 931 3621 predentie.
970 3551 1044 3629 Ergo
1062 3558 1128 3612 Pru.

107 3622 206 3681 dnm
220 3630 248 3679 tt
268 3640 317 3699 pro
332 3623 437 3679 ratione
455 3621 598 3687 humana,
629 3630 656 3679 8(
675 3640 724 3696 prn
743 3625 865 3679 Deorum
886 3624 1072 3698 providentia,
1100 3638 1128 3690 dt

107 3714 163 3773 pro
184 3696 280 3755 diviua
301 3716 392 3755 mente
410 3699 470 3773 capi
490 3696 564 3754 solet.
601 3696 651 3754 Sed
670 3700 745 3758 Deos
764 3699 969 3774 relinquamur,
993 3709 1021 3760 tt
1039 3706 1129 3763 videa.

108 3790 200 3843 mut,
238 3771 306 3851 qnid
323 3774 355 3835 in
372 3776 487 3835 homine
504 3772 645 3851 prudentia
662 3772 706 3834 lit.
742 3764 885 3853 hpprobet
901 3777 998 3837 Cicero
1016 3778 1128 3918 [εσυικὲο

937 3876 939 3880 ·
1115 3877 1131 3918 e
