2490 4500
115 234 224 381 dictilrr)
244 308 405 375 hereticam.
434 312 529 387 Itaque
542 306 660 367 viderint
676 304 739 365 ulli:
759 306 830 365 mihi
847 304 908 365 satit
920 304 961 363 cll
974 306 1111 365 ciorroncn
1135 304 1165 363 l:

117 384 267 454 defendere.
305 386 390 463 Quod
408 405 496 443 ruttm
515 386 597 448 dicit,
614 386 778 459 Sapientiam
799 386 829 443 in
848 386 884 441 iis
901 398 1007 441 rantum
1020 380 1114 449 terfiti,
1139 405 1148 428 =·

119 482 178 538 quae
192 462 293 539 semper
307 462 402 519 eodem
419 462 503 519 modo
515 460 540 519 se
552 460 666 523 habent,
687 480 717 517 ur
728 462 758 517 in
773 460 909 517 divinis&
920 460 1117 521 aeterninomui·
1156 502 1164 509 .

118 557 157 607 po
168 535 263 605 ¹falsum
275 535 323 605 est.
343 542 418 597 Nam
434 558 489 595 non
504 540 619 595 minima
633 536 766 611 sapientia
774 532 892 615 pareest,
903 538 933 593 in
948 534 1065 593 sedandis
1073 536 1119 592 ani·
1139 551 1164 628 p.

118 614 161 673 ni
173 613 376 690 cupiditatibus,
390 622 417 673 δι
426 612 453 672 in
467 610 626 677 efficiendo,
647 630 676 669 ut
688 616 819 689 apperitus
830 614 931 671 rationi
949 628 1066 689 pareant·
1081 628 1119 669 uu·
1154 656 1157 663 .

119 688 154 757 tle
165 696 281 749 Socrates
293 688 494 767 sapientiffimus
506 692 630 747 omnium
644 686 696 746 suit
710 689 870 765 appellatur,
890 706 947 745 nou
959 688 1033 763 quod
1043 686 1120 745 ‹litiut
1156 716 1164 747 ,ι

120 762 225 835 semper
237 785 315 843 atque
326 784 423 825 eterna
432 768 572 829 traslaret,
592 766 691 842 quippe
703 768 750 843 qui
763 782 882 842 putaret,
901 766 1056 841 Qaefitpre
1069 782 1119 834 ιιι,
1145 757 1152 832 l

119 844 188 901 nibil
200 846 238 905 ad
247 864 292 903 rior
308 846 435 901 attinere:
456 844 598 918 relisiaque
618 860 681 897 cura
699 860 787 903 terum
809 841 992 907 naturalium,
1017 859 1047 898 ac
1061 838 1119 897 erle·
1147 853 1163 880 *-

120 914 220 987 stium‚
231 938 314 977 omne
326 918 401 976 suurn
414 916 531 977 studium
547 918 580 975 ad
590 915 748 983 formandos
761 912 1010 975 moretrranstulitt
1023 916 1068 973 dili
1156 944 1160 975 :

119 1010 212 1063 perque
224 998 343 1073 cogitare
357 998 454 1072 coepir,
475 993 541 1071 qnid
552 990 611 1051 esser
621 994 799 1069 expetendum
816 992 944 1059 homini,
970 998 997 1049 δι
1011 934 1122 1077 quisli-
1149 1005 1154 1049 t

119 1070 267 1149 giendum:
288 1070 361 1149 quod
377 1074 484 1148 proprie
495 1072 631 1149 prudentis
642 1066 764 1127 officium
778 1064 828 1125 est.
870 1070 940 1126 Nort
950 1086 1018 1202 erpo
1028 1073 1137 1145 Sapiens.
1151 1092 1161 1119 2-

119 1144 159 1201 est
174 1147 334 1223 appellatus,
355 1147 427 1222 quod
441 1166 499 1205 eam
512 1142 571 1203 rllrt
584 1146 709 1221 adeptus,
730 1164 812 1222 quam
825 1154 858 1203 ιιιΙ
872 1141 959 1202 solam
989 1165 1004 1201 a
1024 1144 1121 1201 ientian
1151 1180 1160 1201 ·.

118 1216 169 1293 else
179 1222 282 1281 censes:
302 1222 345 1281 sed
358 1222 430 1299 quod
445 1220 530 1287 hatte,
544 1241 624 1299 quam
637 1222 733 1279 Cicero
744 1220 917 1279 Prudentiam
928 1164 1122 1299 appellaueru-

118 1294 1020 1451 {instillatllilliiniiiiiilstnlti
1033 1294 1122 1435 ili
1157 1346 1161 1405 τ

340 1414 347 1439 ²
469 1410 476 1431 ¹
511 1415 519 1440 t
1016 1410 1026 1437 ι
1155 1421 1160 1430 .

119 1448 238 1512 dentiam
253 1446 304 1507 else
316 1452 381 1507 velis
391 1470 568 1509 mercaturum
581 1450 734 1527 quandam,
745 1468 805 1524 quae
815 1466 921 1505 tantum
934 1448 969 1507 de
981 1451 1120 1508 utilium
1154 1490 1158 1497 -

118 1525 179 1591 utili
193 1527 301 1604 cogitet.
339 1526 449 1585 Nullam
470 1548 549 1607 crgo,
569 1546 594 1583 re
613 1544 787 1603 preceptore,
807 1524 949 1603 prudentia
969 1542 1068 1602 partem
1082 1522 1121 1581 lo
1155 1552 1159 1580 .·

119 1598 305 1671 neslatisattin
325 1612 367 1657 ert
391 1606 507 1661 nouerit
520 1604 645 1667 omniurn
659 1606 787 1660 virtutum
804 1600 992 1659 moderatrix?
1012 1622 1065 1659 non
1079 1600 1120 1657 erit
1154 1638 1159 1648 ·

117 1694 208 1745 ¹rerum
219 1620 398 1761 ¹lionellarum
414 1686 440 1736 &
452 1680 570 1755 turpium
588 1676 714 1737 scientia?
736 1676 830 1735 nesciet
849 1680 922 1736 inter
934 1696 1028 1737 return
1045 1674 1121 1735 nsal·
1153 1701 1160 1735 ς,

118 1750 178 1821 sum
197 1750 375 1832 distinguere?
429 1776 483 1820 uae,
503 1756 621 1820 malum,
643 1752 682 1809 est
695 1750 746 1809 isla
762 1772 807 1811 rna
821 1758 955 1831 pravitas,
979 1772 1025 1812 ant
1046 1750 1122 1811 animi
1153 1769 1160 1812 ι

116 1828 238 1899 cecitas,
260 1847 289 1886 ut
307 1828 373 1886 solor
395 1849 431 1887 no
451 1834 473 1889 it
491 1834 642 1889 mercatoris
662 1825 864 1907 prudentetelse
886 1829 1040 1908 persuadere
1052 1828 1119 1885 telitt
1152 1823 1160 1908 l·

116 1922 181 1973 crem
194 1904 265 1980 apud
276 1908 387 1962 latinos
399 1908 470 1965 nulla
483 1910 568 1981 major
582 1909 636 1964 laur
649 1902 697 1963 esl'e
710 1904 801 1983 posit,
822 1926 905 1982 quarn
922 1906 1004 1983 liquis
1016 1904 1120 1963 Pruden-
1154 1915 1160 1955 ·“.·

117 1977 231 2049 tillimns
245 1982 403 2055 appelletur?
423 2004 485 2041 eum
500 1986 572 2047 enirn
588 1984 698 2041 demum
717 1984 846 2040 omnibus
859 1985 1004 2041 virtutibus
1018 1998 1118 2039 exorna·
1153 1997 1159 2017 ¹

117 2071 177 2117 tum
199 2056 393 2136 intelligimus,
421 2062 551 2135 quoniam
573 2062 681 2115 virtutes
698 2059 755 2117 aliu
771 2058 961 2133 prudentiam,
987 2058 1064 2115 veluti
1078 2054 1117 2111 tlu-
1153 2056 1159 2122 i

61 2186 67 2197 ,
116 2134 188 2203 cernl
208 2129 348 2209 semper&
364 2134 461 2210 ubique
475 2136 652 2202 comitantur,
676 2152 761 2211 neque
773 2135 807 2193 ab
821 2154 852 2201 ea
866 2135 950 2193 larum
974 2138 1013 2209 (ut
1024 2128 1116 2193 didio
1154 2131 1159 2204 1

117 2206 171 2279 let,
190 2227 307 2283 unguem
319 2206 454 2269 discedunt
468 2231 599 2289 unquam,
1154 2213 1159 2286 l

145 2378 420 2479 lacobusfirffolm
433 2382 477 2461 “d
483 2387 647 2477 s‘i'imam
664 2384 817 2453 decimam
829 2387 912 2455 Cclii
923 2384 1098 2479 Caicaesrtitti
1150 2340 1159 2395 ’ἲ

497 2482 741 2583 disquifitirnem.

170 2646 351 2717 Rudentiam‚
372 2655 398 2707 &
411 2647 566 2725 sapientiam
574 2651 658 2707 Caelio
672 2650 817 2707 itariderur
828 2649 1003 2707 commiscere
1012 2646 1117 2707 ll.'sul·

168 2724 233 2788 lius,
253 2743 282 2781 ut
294 2744 349 2781 non
363 2724 438 2795 ¹sucile
453 2725 615 2804 intelligutur
628 2727 692 2801 quid
704 2728 783 2784 altera
797 2720 905 2783 differat
916 2728 949 2783 ab
963 2728 1053 2783 altera.
1078 2728 1119 2779 Ci-

114 2802 219 2865 c'cronis
235 2819 323 2867 autem
336 2800 415 2861 ve'rlra
428 2801 481 2859 hoec
497 2800 557 2858 sunr
572 2822 604 2859 ex
621 2805 708 2878 primo
720 2798 770 2859 off.
786 2806 815 2857 in
826 2810 912 2877 prima
925 2818 1021 2879 parte,
1038 2806 1066 2859 ir
1076 2818 1120 2875 prr

106 2874 266 2951 sapientiam
282 2880 314 2937 ὠ·
329 2882 492 2950 prudentiam
514 2885 642 2953 ponimns,
667 2878 729 2953 inest
748 2880 898 2955 indagatio,
919 2893 999 2953 atquc
1015 2878 1120 2934 inventio

111 2955 191 3017 'vert'2
214 2952 313 3029 ejusque
325 2956 434 3009 virturis
448 2956 492 3011 stoc
509 2976 596 3012 munus
614 2956 648 3029 est
662 2958 803 3033 proprium.
828 2968 858 3008 ut
876 2958 941 3013 enim
956 2952 1062 3029 quisque
1074 2972 1121 3007 trra·

113 3030 184 3085 trimi
200 3028 338 3101 perspicit,
363 3034 429 3105 qnid
444 3034 470 3085 in
489 3051 517 3086 rc
536 3049 634 3103 quaque
653 3027 804 3103 uerifflmum
815 3030 874 3105 fit,
897 3035 991 3105 quique
1009 3034 1041 3090 de
1057 3048 1122 3085 retro

113 3097 217 3175 rifflnre,
242 3107 274 3167 el*
285 3106 411 3162 celerrime
422 3106 500 3181 potest
517 3110 548 3165 dr
558 3110 660 3168 uidere,
679 3109 710 3166 s?
724 3110 851 3181 ¹explicare
861 3110 1006 3169 rationem,
1030 3107 1122 3177 ripert·

112 3176 282 3251 (senilfflmect,
304 3184 335 3239 sn·
343 3180 558 3255 sapienriffitnrcs,
580 3185 631 3237 rite
646 3184 734 3238 baberi
748 3182 838 3258 potest.
877 3180 930 3238 ltoc
947 3184 977 3237 in
999 3181 1058 3237 loco
1070 3182 1122 3236 Ct-

112 3252 164 3323 liut
178 3254 233 3311 duo
247 3254 379 3313 salsilima
393 3255 440 3313 suo
452 3258 551 3329 judicio
562 3255 743 3331 deprehendit.
764 3257 1006 3333 primumeandem
1021 3251 1121 3313 essetir-

112 3344 196 3393 tutem
217 3332 385 3407 prudentiam
405 3340 432 3389 δι
452 3332 626 3408 sapientiam,
645 3352 706 3388 cum
724 3332 854 3390 diversam
875 3332 1061 3390 definitionem
1081 3330 1123 3387 lta·

113 3400 209 3472 beant,
231 3424 288 3463 tum
330 3407 456 3477 rudentiae
474 3404 523 3465 else
544 3428 641 3465 munus
662 3408 822 3487 indagandi,
843 3416 870 3465 δι
888 3410 1044 3467 inveniendi
1061 3408 1119 3463 teti.
1145 3465 1149 3473 ,

112 3495 193 3551 atque
210 3500 266 3535 non
280 3426 363 3539 solinu
380 3481 436 3543 hec
449 3482 531 3539 Arist.
545 3485 721 3547 audiuntne,
740 3483 873 3541 sedetiam
891 3490 1030 3542 Ciceronis
1048 3482 1119 3559 ipsius

113 3554 219 3626 levitate
233 3554 280 3610 fibi
294 3556 482 3615 demonstrasse
494 3558 563 3617 risus
580 3557 628 3616 est.
666 3579 712 3620 rur
727 3579 814 3616 autem
834 3562 932 3618 Ca‘lius
949 3560 983 3617 sc
996 3559 1117 3619 obsltnarc

111 3634 185 3700 Mar.
199 3629 321 3699 Tullium
339 3633 457 3711 persequi
475 3636 602 3699 voluerit,
631 3653 659 3692 ut
677 3634 735 3693 usui
755 3636 824 3692 niltil
843 3642 989 3715 quiequam
1005 3636 1115 3695 caderet·

112 3724 193 3800 puppi
209 3723 288 3799 penes
304 3710 444 3781 arbitrium
458 3718 485 3785 δι
501 3714 559 3783 ris,
579 3718 712 3781 &norma
724 3711 853 3789 loquendi
865 3712 918 3783 esi,
940 3717 1042 3783 miror,
1060 3711 1114 3853 liupr
