2490 4500
136 196 151 247 Ι

105 192 211 335 2⁵4&
222 269 348 347 pietatem
368 289 432 350 erga
443 286 580 349 parentes,
600 276 627 330 dt
646 265 862 339 neeeffitudinem
882 265 955 339 intet
967 262 1054 323 amieo

109 345 268 409 charitatem
290 347 318 403 in
337 351 452 422 patriam
467 347 514 405 vili
535 348 624 404 nimis¹
640 348 701 404 ioco
718 340 835 402 habuisse
847 332 970 419 videare:
990 352 1054 419 quar

112 422 204 509 Ηίςο,
230 440 260 483 ac
280 422 332 484 late
352 423 437 483 nimie
455 420 567 505 profuso
588 422 713 483 humane
733 422 865 511 soeietatis
885 416 997 477 uinculo
1017 416 1054 474 ad

113 516 196 562 mise

323 656 393 725 M:
403 654 487 725 Aut.
507 656 686 750 Majoragii
700 650 821 741 Decista
836 651 933 744 sexte

120 809 227 962 Eece
248 824 337 875 autem
357 830 420 869 curn
437 804 579 886 lnjumtiae
596 807 651 898 dut)
663 826 762 889 genera
780 806 876 864 Cinero
895 800 1040 863 statuiss'et:

184 903 298 952 eorum,
316 888 364 962 qui
375 885 473 960 injuste
486 887 618 964 impetum
635 905 663 942 m
675 884 835 962 quempiam
847 880 968 951 faciunt,
981 900 1028 938 aut
1043 883 1050 936 i

122 964 214 1037 aliqua
226 962 428 1093 perturbatione
445 963 565 1021 incitati:
586 963 699 1020 aiterum
712 978 825 1021 eorum,
846 960 895 1036 qui
915 977 966 1027 nee
985 955 1054 1013 deser

123 1057 174 1101 nec
188 1037 224 1094 ob
235 1030 319 1097 astunt
331 1039 450 1111 iniuriae,
472 1036 492 1096 fi
506 1033 626 1116 possunt:
647 1039 761 1113 velitque
775 1036 841 1099 iios,
860 1035 909 1107 qui
925 1030 1052 1110 propulsa

122 1113 184 1180 lunt
195 1114 341 1185 injuriam,
355 1132 410 1173 tam
422 1109 472 1173 esse
484 1115 513 1175 in
525 1116 609 1184 vitio,
630 1133 713 1192 quam
727 1111 745 1169 fi
760 1129 898 1188 parentes,
918 1127 966 1166 aut
974 1112 1054 1187 patria

123 1187 223 1249 strant.
257 1188 377 1269 Insurgis
389 1192 423 1249 ab
436 1194 516 1250 altera
527 1209 600 1267 parte
613 1209 640 1247 tn
654 1189 798 1246 vehemens
812 1186 964 1250 accusator,
986 1186 1050 1241 darn

124 1267 287 1324 Ciceronem
302 1268 396 1324 nimie
407 1267 566 1329 severitatis,
588 1284 616 1323 ac
626 1285 693 1343 pene
709 1265 899 1327 immanitatis,
914 1261 991 1337 quod
1005 1259 1054 1318 hoe

80 1341 83 1345 ’
124 1343 212 1411 Stoice
223 1341 327 1401 dinem
340 1340 392 1399 esse
401 1341 536 1407 rideatur,
558 1343 667 1418 &quod
681 1342 750 1396 inter
763 1336 901 1415 paradoxa
912 1335 1007 1395 referri
1020 1356 1054 1414 op

126 1415 262 1493 Equidem
284 1437 369 1495 neque
389 1417 450 1475 satis
469 1420 578 1480 mirari,
599 1419 664 1494 quid
685 1416 735 1473 hoc
755 1415 814 1472 loco
834 1416 920 1473 nimis
938 1415 1054 1471 Stoice«

126 1488 282 1553 existimes:
302 1511 348 1551 aut
357 1493 423 1569 quid
435 1494 485 1553 tibi
497 1494 619 1553 videatur
630 1490 678 1551 esse
693 1490 863 1549 Paradoxon.
888 1493 932 1546 Au
945 1484 1054 1546 sortasse

126 1568 208 1629 Stoici
227 1569 302 1643 paria
316 1565 501 1627 volebantess'e
516 1589 635 1644 peccata,
656 1571 817 1625 Ciceronem
837 1583 915 1639 purae
933 1585 1054 1621 eorumt

127 1662 191 1705 uem
207 1640 343 1708 secutum,
364 1642 416 1703 hoe
429 1642 539 1703 dixisset
559 1645 650 1703 Credo
663 1646 736 1702 reita
748 1637 882 1723 eogitaffe.
920 1641 972 1697 Sed
987 1641 1054 1721 dilig

128 1715 233 1795 quaeso.
243 1721 473 1787 Ciceronisverba
487 1719 634 1780 considera.
654 1719 755 1776 videbis
767 1721 840 1777 enim
856 1735 882 1775 te
894 1717 978 1794 longe
991 1735 1037 1774 tua
1048 1739 1054 1771 a

129 1814 165 1856 ne
175 1793 243 1854 salli.
260 1797 328 1852 Non
340 1799 414 1877 ψ
426 1800 464 1855 ait
476 1800 587 1862 Cicero,
610 1812 684 1853 aarum
695 1793 739 1872 effe
754 1799 782 1852 in
793 1797 877 1856 vitiu,
897 1797 943 1868 qui
957 1815 1010 1849 nou
1024 1797 1054 1870 de

130 1891 176 1935 utu
193 1870 302 1946 ubfiflt't,
315 1872 345 1945 fi
359 1873 454 1950 potest,
476 1875 593 1950 injurie,
612 1872 743 1948 quantuli
759 1884 895 1946 parentes,
915 1883 963 1927 nur
978 1872 1054 1924 amici

126 1951 245 2028 petriam
258 1949 366 2025 deserat.
399 1947 449 2005 Sed
463 1951 517 2014 ait,
539 1964 592 2005 aem
602 1947 648 2023 effe
659 1953 687 2004 iu
700 1951 783 2004 tutio:
805 1943 924 2027 hoqest,
945 1959 1002 2000 tam
1014 1965 1054 2000 eun

124 2025 217 2110 fitium
223 2021 328 2101 secere,
349 2028 381 2087 du·
391 2029 418 2082 a'n
427 2030 522 2082 uitium
536 2026 666 2101 injustitie
676 2028 774 2080 cudere.
815 2024 889 2080 Nam
903 2039 965 2077 eum
979 2021 1013 2077 de
1025 2024 1054 2077 ln

131 2101 211 2160 uerba
224 2097 318 2164 faciat,
339 2122 389 2158 uon
405 2116 506 2158 tautum
517 2123 557 2160 eos
568 2106 614 2174 qui
625 2099 757 2178 inserunt,
770 2096 824 2169 sed
835 2118 874 2154 tos
888 2101 966 2153 etiam
980 2099 1027 2170 qui
1039 2118 1054 2150 u

129 2176 237 2259 pusfhut
249 2176 390 2249 injuriam,
429 2176 593 2254 injussos.effb
608 2177 735 2249 usteuditz
773 2179 805 2242 du
819 2176 1028 2248 quemadmodum
1049 2199 1054 2248 ς

130 2265 230 2314 rentes,
250 2256 415 2318 eutemicas,
435 2268 483 2310 eut
497 2257 614 2329 patriam
624 2251 757 2328 destrunt,
797 2249 886 2324 injusti
902 2247 970 2326 fitur
991 2264 1055 2324 eppe

132 2329 179 2387 itu
186 2329 265 2382 etiem
278 2331 321 2400 qui
334 2348 384 2384 non
400 2329 606 2404 propulsent,st
620 2327 734 2404 puffluua,
755 2325 891 2401 injuriam.
914 2326 973 2381 Vtri
986 2343 1048 2380 uero

134 2398 272 2475 justiores,
288 2399 357 2458 nihil
370 2403 403 2459 ad
415 2401 467 2461 hoe
479 2423 600 2480 tempus:
614 2402 721 2461 sitires}
735 2407 808 2458 enim
824 2401 876 2458 hoc
886 2399 1054 2457 iocodemon

155 2493 221 2532 enus
233 2470 427 2553 essequoddam
444 2479 599 2553 injustitie,
622 2498 678 2549 npn
692 2476 861 2555 propulsare,
880 2497 942 2532 curn
961 2474 1054 2552 poffur

135 2496 248 2628 furiam.
269 2556 363 2630 Itaque
375 2555 444 2612 ineo
455 2557 597 2621 membro,
612 2555 708 2626 tamesi
722 2559 839 2612 invitia:
861 2554 970 2610 verbum
987 2553 1053 2609 illud

137 2647 195 2693 non
215 2631 410 2703 quantitatem,
433 2631 476 2689 sed
490 2633 646 2709 qualitatem
668 2633 771 2706 potius,
794 2649 824 2688 ae
838 2627 1044 2685 smilitudinem

136 2722 189 2765 cat·
228 2706 265 2765 .Vt
276 2704 357 2782 siquis
372 2709 410 2764 ita
422 2706 538 2772 dixerit,
558 2712 603 2785 qui
614 2709 723 2785 servum
734 2708 870 2838 intepscit,
891 2719 946 2759 tant
958 2704 994 2778 est
1016 2709 1054 2760 ita·

137 2781 223 2844 cedr’a,
244 2800 320 2855 quem
330 2782 360 2855 β
372 2798 505 2860 parentem
519 2784 634 2862 imerseci
655 2798 690 2839 et.
729 2784 778 2840 Vel
798 2802 837 2838 tce
859 2782 995 2856 Qielum
1019 2785 1054 2838 Dr

133 2860 266 2938 fitrripit,
292 2871 346 2912 tem
366 2860 401 2933 est
420 2859 560 2992 snnfi‘m’
581 2880 656 2935 quum
675 2860 704 2934 β
720 2861 796 2916 decies
814 2857 962 2933 sestertium
982 2855 1054 2932 fierr¹

137 2934 273 3002 Haecquir
284 2951 338 2988 non
349 2932 443 3009 videte
466 2933 637 3000 evetisiima,
657 2937 782 3010 quamvis
791 2937 859 2991 inter
872 2933 896 2988 se
906 2932 1054 3007 plurimum

139 3007 321 3073 tadifferant?
341 3011 414 3067 Tam
434 3012 472 3071 est
486 3011 590 3069 suetiam
606 3011 746 3071 denarium
768 3010 837 3067 elam
852 3007 999 3084 surripere,
1019 3028 1054 3086 qu

139 3088 191 3147 cies
207 3084 372 3143 sestertiuma
393 3087 436 3145 sed
450 3089 501 3144 hoc
519 3087 600 3167 longe
620 3088 716 3160 majus.
753 3085 856 3147 Eodem
872 3085 958 3141 modo
970 3083 1054 3141 dicit*

140 3178 195 3224 aem
215 3162 249 3238 est
268 3162 417 3236 Injttstitt'a,
455 3184 505 3223 non
522 3161 689 3238 propulsare,
706 3163 790 3237 fiquie
807 3161 905 3235 potest,
924 3160 1052 3233 iujuriam

138 3253 275 3322 parentes,
293 3254 340 3294 aut
354 3243 472 3316 patriam
489 3237 614 3314 defflere:
636 3235 680 3294 sed
700 3259 780 3298 uerno
796 3238 900 3294 dubitat
918 3233 988 3292 hanc
1010 3235 1054 3293 effe

142 3334 213 3373 aem.
237 3318 330 3391 ltaque
344 3336 398 3373 non
412 3311 465 3379 est,
485 3312 559 3391 quod
572 3312 627 3371 hac
639 3315 706 3371 inter
721 3313 855 3391 paradoxa
867 3309 974 3375 reseras,
996 3331 1054 3387 que

144 3389 212 3452 fima
226 3390 295 3450 sunt.
335 3395 429 3467 Quam
443 3410 506 3447 veto
519 3389 643 3466 copiose,
663 3410 745 3468 quam
760 3409 827 3469 pene
838 3391 937 3467 tragice
951 3407 1047 3444 contra

144 3469 188 3531 nis
199 3465 430 3533 uerbafusminase
443 3465 525 3545 Quid
540 3465 557 3525 st
571 3464 674 3524 sontem
690 3469 728 3537 (in
751 3469 803 3538 uie)¹
813 3463 976 3521 defendam?
998 3462 1015 3520 sr
1030 3484 1054 3521 er

143 3543 227 3607 alium
244 3543 316 3618 prius
331 3545 428 3616 injuria
462 3545 614 3602 rovocarits·
634 3541 722 3609 speum
732 3486 857 3618 denique,
871 3542 946 3612 cuiun
960 3538 1037 3597 causa
1053 3576 1054 3588 r

143 3627 170 3682 dc
179 3618 393 3681 metadiuturnas
407 3563 525 3685 odiosas
536 3621 688 3679 concitem?
708 3619 806 3676 dutum
816 3617 958 3695 &pienum
975 3616 1054 3672 incier

142 3693 377 3782 Ahcalcaguiue,
399 3694 530 3784 aequam
542 3713 601 3775 tana
614 3698 707 3761 aetina
720 3694 860 3783 insurgas,
878 3711 940 3755 eum
956 3690 1051 3775 prefer
