2490 4500
1064 278 1130 361 ¹9¹

92 350 144 415 fite
152 352 269 423 forma,
287 354 362 433 quod
375 356 449 417 idem
464 356 519 422 est,
542 370 686 435 agenere,
708 346 798 429 quoad
813 354 890 414 suurn
906 378 1007 419 nomen
1023 379 1131 428 initia,

92 450 242 509 nunquam
258 433 417 517 sejungitur.
444 441 537 511 ltaque
550 435 643 491 omnis
656 431 751 488 divisio
763 434 835 489 tecit
846 434 932 510 potest
943 439 1068 514 appellati
1082 440 1129 497 de-

92 506 204 567 finitio:
229 511 297 571 ficut
310 513 502 571 omnishomo
516 511 630 568 animal.
651 513 745 567 Genus
756 514 830 567 eninr
853 518 899 583 (nt
915 512 1068 571 Aristoteles
1081 536 1130 574 ιιι·

92 602 136 645 tur
147 586 201 659 esi)
224 588 260 647 de
273 591 393 663 qualibet
407 588 522 663 subjesia
534 585 624 644 sorma
639 587 741 663 semper
754 587 861 644 dicitur.
882 589 930 646 Sed
944 612 1000 648 non
1016 610 1126 650 contra:

92 682 152 721 nun
166 668 249 723 enim
265 670 365 724 Forma
379 666 521 743 degenere
538 666 590 721 dici
604 661 704 740 potest:
727 681 756 720 ur
768 662 848 739 siquis
863 665 951 731 dicat,
976 672 1080 725 aniinael
1092 670 1129 742 tls

92 740 179 806 ὄπι·
202 740 351 801 tt'osurdum
367 744 396 801 id
411 743 522 819 quidem
537 740 608 798 essct.
650 744 691 797 Ita
702 739 845 797 rectissime
857 742 971 809 dicitur,
989 748 1080 819 dinifii
1092 747 1128 817 el}

93 820 230 895 dfinin'o,
256 839 431 877 noncontta.
463 826 530 876 Sunt
541 821 616 874 euim
629 817 720 875 muirae
732 813 923 883 definitiones,
945 821 1127 895 quaedrrifio·

95 912 143 953 nes
156 900 309 973 nuncupari
324 916 380 953 non
394 892 498 974 possunt
514 916 521 951 ι
552 914 581 950 ut
596 913 654 967 quae
665 893 790 951 constant
800 914 834 950 ex
849 915 945 973 genere
958 906 983 954 δι
997 893 1127 954 differen-

93 969 159 1039 tiisr
180 992 251 1047 quas
263 990 293 1029 tu
308 972 377 1030 solas
388 970 550 1035 existimasti
558 968 730 1028 definitiones
738 976 862 1053 appellari
873 969 958 1048 poss'e:
978 994 1037 1051 qux
1048 995 1073 1031 te
1085 994 1127 1031 res

92 1048 125 1105 in
139 1046 210 1107 banc
222 1048 385 1107 sententiam
399 1050 507 1108 induxit
521 1087 529 1113 ‚
559 1066 586 1104 nt
598 1051 758 1104 Ciceronem
773 1046 864 1103 trrassc
876 1050 1004 1107 crederes.
1043 1054 1091 1108 Sed
1104 1050 1125 1109 si

92 1122 241 1205 diiigenter
253 1120 404 1185 advertisses
417 1165 425 1189 ,
455 1126 523 1204 quid
539 1129 567 1183 in
581 1128 694 1201 Topicis
710 1124 804 1181 scribat
816 1124 873 1199 ipse
884 1130 999 1193 Cicero,
1029 1130 1074 1185 nbi
1086 1128 1121 1185 de

91 1196 163 1259 flatu
174 1198 483 1268 finitivoverbasacit,
511 1221 635 1258 nontam
650 1201 726 1259 sicile
742 1200 959 1276 deceptuseii'ts:
988 1207 1031 1262 Sic
1048 1208 1125 1265 enim

91 1274 198 1337 scribit.-
221 1278 659 1357 Cumautemquidsrtquaetirur,
679 1279 756 1335 notio
770 1278 929 1354 erpiitanda
944 1279 1000 1345 cst,
1021 1288 1048 1339 dr
1060 1301 1125 1355 pro·

94 1356 209 1431 prims,
231 1354 380 1421 redivisse,
401 1364 428 1415 &
442 1358 568 1432 partitio:
590 1366 644 1413 brec
655 1358 730 1412 enirn
745 1353 806 1412 sunt
819 1352 973 1415 definitioni
986 1359 1124 1415 attributa:

94 1430 201 1489 additur
211 1436 298 1490 etiam
314 1432 486 1509 Descriptio,
519 1452 602 1509 quum
624 1434 711 1490 Gtaeci
729 1454 874 1503 χιρκκτιμ
894 1450 1000 1491 rotant.
1041 1434 1126 1493 Vides

94 1506 259 1567 diuisionem
272 1506 322 1566 esse
335 1506 488 1567 definitioni
505 1510 658 1566 attributam
672 1520 680 1565 ι
700 1513 794 1586 Quare
808 1512 932 1583 ponenda
946 1512 994 1568 tibi
1008 1510 1120 1590 posthac

95 1580 391 1663 esttensoriatitguia‚
410 1606 472 1643 eum
486 1586 618 1661 intelligas
631 1605 686 1642 non
701 1604 829 1641 autorum
843 1586 925 1652 vitio,
948 1587 991 1644 sed
1008 1591 1123 1665 imperi·

94 1660 132 1717 tia
141 1680 188 1721 tut
198 1658 277 1729 fieti,
298 1681 328 1719 ut
339 1682 398 1739 quse
410 1663 491 1720 docte
507 1668 533 1718 St
547 1662 669 1737 ptaeclare
682 1663 755 1718 <licia
767 1661 846 1725 siunt,
866 1682 897 1720 ea
911 1666 958 1722 tibi
971 1685 1056 1723 errata
1069 1664 1122 1721 efl'e

94 1736 247 1797 videantur.
290 1742 338 1796 fiis
352 1743 427 1795 enim
442 1776 449 1801 ‚
480 1736 531 1793 hoc
544 1739 603 1793 ioco
616 1742 778 1795 Ciceronem
792 1758 846 1794 non
861 1740 1024 1815 prestitisse,
1046 1741 1121 1820 quod

95 1814 288 1902 piiicebntur:
307 1836 370 1873 cum
383 1812 505 1871 officium
521 1814 639 1880 dividat,
654 1816 792 1891 'pollicitus
805 1815 831 1871 se
844 1814 1030 1878 definiturum.
1068 1818 1120 1875 Sed

95 1908 149 1963 lam
171 1896 215 1963 (ur
225 1894 337 1965 opinor)
360 1890 501 1971 agnoscisi
524 1895 648 1949 notantia
659 1911 704 1949 tua
717 1890 838 1956 factum,
861 1912 888 1951 nt
899 1897 1061 1953 Ciceronem
1076 1914 1121 1952 ιιὃ

94 1966 210 2035 custres,
232 1990 295 2027 cunt
311 1972 421 2026 nescires
433 1910 594 2027 divisfinrem
605 1967 653 2026 ess'e
667 1967 820 2026 definitioni
833 1972 1005 2037 attributam,
1025 1980 1051 2030 ὅ(
1061 1992 1120 2031 tan·

95 2062 176 2177 dum
190 2046 325 2121 speciem:
346 2053 372 2103 &
386 2048 434 2123 qui
446 2045 558 2103 Dividat
573 2084 581 2107 ,
601 2065 663 2102 eum
681 2043 802 2103 Definire
815 2046 956 2105 rectissime
969 2049 1022 2107 dici
1036 2048 1118 2125 posse.

121 2138 165 2181 tru
187 2126 218 2189 isi
235 2125 298 2180 Diis
309 2122 404 2198 placet)
429 2126 589 2180 Ciceronem
604 2123 699 2179 docere
714 2125 768 2185 vis,
789 2142 867 2193 atque
882 2125 921 2180 iiii
932 2128 1116 2201 prescribere,

115 2216 145 2255 ua
155 2198 318 2257 definitione
334 2198 363 2256 stt
378 2200 519 2257 utendum.
540 2200 717 2273 Quotmodis
731 2198 968 2271 peccrssitCiceto,
990 2202 1008 2261 sr
1024 2201 1117 2261 irade-

96 2214 201 2341 diisset,
223 2294 254 2333 ut
264 2296 295 2333 ru
309 2274 471 2352 praescribis?
494 2272 626 2332 Osficiurn
641 2272 689 2329 ess'e
703 2275 837 2330 actionem
853 2278 881 2330 in
894 2282 972 2335 omni
985 2284 1039 2336 vita
1051 2299 1116 2337 cnm

97 2350 188 2410 virtute
198 2372 233 2410 ac
243 2356 349 2409 rarione
360 2353 543 2423 conjunsinm.
583 2353 658 2407 Nam
672 2352 782 2425 primo,
800 2370 862 2407 tum
882 2350 1014 2412 Officium
1028 2358 1115 2413 assio.

96 2442 154 2485 nem
167 2429 288 2507 appellas
301 2430 420 2485 inomni
434 2430 504 2484 rita:
527 2427 597 2484 nibil
608 2426 645 2483 est
659 2429 777 2483 omnino
789 2430 883 2485 vivens
894 2432 965 2505 quod
980 2434 1113 2509 excipias:

96 2520 194 2565 utrum
208 2508 306 2563 Omne
320 2505 422 2561 animal
435 2504 566 2566 dicimus,
587 2504 715 2581 quicquid
730 2502 846 2561 sentirac
855 2524 990 2571 movetur,
1018 2511 1117 2566 intelli-

95 2582 196 2657 gimust
216 2582 262 2639 sed
276 2580 388 2639 Pecudes
400 2584 482 2637 etiam
495 2588 521 2637 bt
532 2583 630 2637 Plance
644 2586 726 2637 vitam
740 2580 855 2646 baisent,
876 2586 1113 2641 nutriuntntcnim

96 2658 268 2723 decrescunt,
289 2664 316 2715 &
332 2660 359 2713 in
375 2657 513 2733 psamista
525 2655 681 2720 estanima,
701 2676 784 2733 quarn
801 2656 955 2715 Aristotcles
968 2662 1115 2733 sponsatis,

94 2734 202 2805 quidum
219 2754 253 2791 ex
270 2731 387 2797 nostris,
408 2737 534 2808 quamvis
550 2752 644 2809 patum
660 2737 770 2798 Latine,
793 2737 980 2813 vegetativam
996 2737 1113 2815 appelia-

94 2826 168 2867 runt:
188 2814 218 2867 in
227 2810 372 2888 pecudibus
386 2808 424 2867 est
434 2830 482 2874 ca,
504 2830 585 2885 quam
603 2809 674 2866 idem
691 2808 845 2866 Aristoteles
859 2810 1007 2878 abstenir,
1028 2813 1115 2872 nostri

92 2884 248 2945 sensitivam
263 2886 366 2943 dixere.
405 2889 489 2951 Nos,
517 2886 642 2944 srLatine
654 2887 728 2961 loqui
741 2886 888 2953 volumus,
911 2890 939 2944 in
955 2890 1052 2965 plumis
1064 2914 1127 2950 nu·-

93 2964 359 3029 trientemunimcm,
384 2964 413 3019 in
432 2963 575 3039 pecudibus
585 2964 736 3039 siniciensem
754 2957 803 3018 esse
821 2964 951 3021 dicemus.
992 2969 1056 3024 Ideo
1070 2969 1114 3025 di·

92 3044 277 3099 cunturetiam
289 3040 537 3117 pecudestrpnnae
546 3042 633 3103 mori,
654 3042 727 3116 quod
741 3041 823 3095 vitam
839 3040 963 3098 habetne.
985 3046 1111 3121 Itaquesr
1164 3072 1172 3093 ·

94 3112 226 3175 officium
249 3113 756 3196 (uttnribividerisingeniosedefinirei
778 3114 816 3171 est
829 3118 901 3173 nsiio
914 3120 941 3173 in
956 3123 1034 3175 omni
1047 3122 1112 3180 vita:

92 3192 263 3251 etitetiemin
275 3190 701 3268 pecudibus&plantisosficium:
723 3196 854 3268 quoniam
871 3195 899 3248 in
912 3196 950 3250 cis
973 3200 1011 3265 (ut
1024 3196 1114 3255 osten-

94 3266 191 3343 dimus)
215 3270 327 3327 sitaest.
349 3266 546 3347 Qraesunesuit
556 3273 644 3346 inepta
656 3268 827 3345 quorundum
842 3273 992 3327 Stoicorum
1008 3270 1112 3331 sentcn-

93 3346 144 3407 ιιι,
165 3364 195 3403 ut
208 3349 237 3403 in
251 3347 348 3422 plantis
361 3368 392 3403 ac
402 3349 494 3403 belluis
506 3343 639 3403 Officium
654 3346 705 3403 esse
720 3346 853 3408 dicerent,
876 3349 1111 3420 quemadmodum

93 3418 178 3479 scribit
186 3426 308 3480 Laertius
317 3426 466 3503 Diogenes.
487 3426 579 3501 Qnire
592 3423 725 3498 sequitur,
747 3440 776 3478 ut
787 3423 867 3477 etiam
884 3426 1011 3482 Virtus&
1024 3430 1109 3486 Ratio

94 3492 125 3551 fit
137 3498 165 3555 in
176 3500 276 3575 plantis
289 3508 315 3557 δι
328 3500 486 3573 pecudibus:
508 3502 639 3577 quoniam
651 3496 774 3556 officium
799 3500 933 3571 (utrovis)
956 3499 1114 3563 estcurnra·

94 3572 201 3632 tionem
213 3578 496 3643 virtuteconinnc‘ium
512 3598 518 3633 :
549 3596 604 3647 quo
618 3578 683 3651 quid
696 3574 834 3632 absurdius
847 3576 920 3639 dici,
943 3596 989 3633 aut
1004 3586 1114 3662 excogi.

94 3649 250 3737 mipotestr
271 3656 338 3709 Non
352 3655 403 3709 crit
416 3656 497 3729 igitur
511 3652 642 3710 Officium
653 3656 725 3710 asiiu
735 3652 848 3708 inomni
858 3654 928 3719 virt,
950 3652 995 3712 sed
1008 3675 1114 3717 tautum

96 3720 182 3809 invita
194 3726 351 3787 hominum.
373 3730 422 3785 Sed
434 3730 532 3787 deinde
542 3734 624 3787 etiam
640 3730 740 3807 reliqna
753 3747 814 3804 pars
827 3724 994 3788 definitionis
1011 3734 1060 3791 tibi
1073 3736 1114 3791 di-

95 3792 214 3881 l¹gentiut
227 3803 420 3867 consideranda
432 3804 503 3867 suit:
530 3826 589 3867 non
602 3808 677 3867 enim
693 3824 777 3865 omne
789 3800 913 3865 offitium
930 3806 969 3865 est
985 3827 1049 3868 cum
1064 3812 1117 3865 vir·

1058 3901 1113 3943 tute
