<?xml version="1.0" encoding="UTF-8"?>
<!DOCTYPE html PUBLIC "-//W3C//DTD XHTML 1.0 Transitional//EN"
    "http://www.w3.org/TR/xhtml1/DTD/xhtml1-transitional.dtd">
<html xmlns="http://www.w3.org/1999/xhtml" xml:lang="en" lang="en">
 <head>
  <title>
</title>
<meta http-equiv="Content-Type" content="text/html;charset=utf-8" />
  <meta name='ocr-system' content='tesseract 3.04.00' />
  <meta name='ocr-capabilities' content='ocr_page ocr_carea ocr_par ocr_line ocrx_word'/>
</head>
<body>
  <div class='ocr_page' id='page_1' title='image "./deofficiislibri00cicegoog_0438.png"; bbox 0 0 2490 4500; ppageno 0'>
   <div class='ocr_carea' id='block_1_1' title="bbox 79 228 1055 2217">
    <p class='ocr_par' dir='ltr' id='par_1_1' title="bbox 79 228 1055 2217">
     <span class='ocr_line' id='line_1_1' title="bbox 80 228 1046 389; baseline -0.001 -16"><span class='ocrx_word' id='word_1_1' title='bbox 80 331 125 373; x_wconf 87' lang='lat' dir='ltr'>tra</span> <span class='ocrx_word' id='word_1_2' title='bbox 137 304 221 370; x_wconf 84' lang='lat' dir='ltr'>lidein</span> <span class='ocrx_word' id='word_1_3' title='bbox 232 306 323 367; x_wconf 84' lang='lat' dir='ltr'>datam</span> <span class='ocrx_word' id='word_1_4' title='bbox 336 308 480 385; x_wconf 89' lang='lat' dir='ltr'>quicquam</span> <span class='ocrx_word' id='word_1_5' title='bbox 492 296 592 371; x_wconf 85' lang='lat' dir='ltr'>fecisse,</span> <span class='ocrx_word' id='word_1_6' title='bbox 613 322 668 365; x_wconf 92' lang='lat' dir='ltr'>uon</span> <span class='ocrx_word' id='word_1_7' title='bbox 683 308 734 363; x_wconf 90' lang='lat' dir='ltr'>etit</span> <span class='ocrx_word' id='word_1_8' title='bbox 745 303 873 375; x_wconf 80' lang='lat' dir='ltr'>dubium,</span> <span class='ocrx_word' id='word_1_9' title='bbox 894 313 960 389; x_wconf 85' lang='lat' dir='ltr'>quin</span> <span class='ocrx_word' id='word_1_10' title='bbox 970 228 1046 376; x_wconf 58' lang='lat' dir='ltr'>dci-</span> 
     </span>
     <span class='ocr_line' id='line_1_2' title="bbox 80 382 1046 517; baseline -0.003 -69"><span class='ocrx_word' id='word_1_11' title='bbox 80 410 127 449; x_wconf 85' lang='lat' dir='ltr'>rne</span> <span class='ocrx_word' id='word_1_12' title='bbox 139 382 310 473; x_wconf 83' lang='lat' dir='ltr'>metitiffimo</span> <span class='ocrx_word' id='word_1_13' title='bbox 318 384 436 470; x_wconf 82' lang='lat' dir='ltr'>Regulus</span> <span class='ocrx_word' id='word_1_14' title='bbox 448 384 579 441; x_wconf 88' lang='lat' dir='ltr'>laudetur:</span> <span class='ocrx_word' id='word_1_15' title='bbox 590 400 738 517; x_wconf 73' lang='lat' dir='ltr'>rpropterea</span> <span class='ocrx_word' id='word_1_16' title='bbox 749 386 822 459; x_wconf 89' lang='lat' dir='ltr'>quod</span> <span class='ocrx_word' id='word_1_17' title='bbox 835 388 915 443; x_wconf 87' lang='lat' dir='ltr'>etiam</span> <span class='ocrx_word' id='word_1_18' title='bbox 926 394 1046 465; x_wconf 81' lang='lat' dir='ltr'>captivus</span> 
     </span>
     <span class='ocr_line' id='line_1_3' title="bbox 80 462 1049 541; baseline -0.007 -17"><span class='ocrx_word' id='word_1_19' title='bbox 80 466 432 540; x_wconf 79' lang='lat' dir='ltr'>eimuminpattiamluam</span> <span class='ocrx_word' id='word_1_20' title='bbox 442 478 589 517; x_wconf 89' lang='lat' dir='ltr'>amoremo</span> <span class='ocrx_word' id='word_1_21' title='bbox 629 462 731 523; x_wconf 84' lang='lat' dir='ltr'>ndetit,</span> <span class='ocrx_word' id='word_1_22' title='bbox 751 468 778 518; x_wconf 74' lang='lat' dir='ltr'>dt</span> <span class='ocrx_word' id='word_1_23' title='bbox 791 480 881 519; x_wconf 88' lang='lat' dir='ltr'>tamen</span> <span class='ocrx_word' id='word_1_24' title='bbox 895 466 1049 541; x_wconf 70' lang='lat' dir='ltr'>jurisjuran.</span> 
     </span>
     <span class='ocr_line' id='line_1_4' title="bbox 80 534 1047 623; baseline 0.004 -24"><span class='ocrx_word' id='word_1_25' title='bbox 80 542 231 623; x_wconf 80' lang='lat' dir='ltr'>eligionem</span> <span class='ocrx_word' id='word_1_26' title='bbox 244 534 400 595; x_wconf 83' lang='lat' dir='ltr'>observarit.</span> <span class='ocrx_word' id='word_1_27' title='bbox 421 537 498 615; x_wconf 76' lang='lat' dir='ltr'>Quid</span> <span class='ocrx_word' id='word_1_28' title='bbox 511 538 593 613; x_wconf 91' lang='lat' dir='ltr'>igitur</span> <span class='ocrx_word' id='word_1_29' title='bbox 602 534 658 597; x_wconf 72' lang='lat' dir='ltr'>esti</span> <span class='ocrx_word' id='word_1_30' title='bbox 679 539 750 593; x_wconf 90' lang='lat' dir='ltr'>Cum</span> <span class='ocrx_word' id='word_1_31' title='bbox 765 540 855 614; x_wconf 86' lang='lat' dir='ltr'>primo</span> <span class='ocrx_word' id='word_1_32' title='bbox 866 541 935 598; x_wconf 91' lang='lat' dir='ltr'>bello</span> <span class='ocrx_word' id='word_1_33' title='bbox 947 548 1047 619; x_wconf 89' lang='lat' dir='ltr'>punico</span> 
     </span>
     <span class='ocr_line' id='line_1_5' title="bbox 80 611 1047 697; baseline -0.009 -22"><span class='ocrx_word' id='word_1_34' title='bbox 80 612 301 697; x_wconf 83' lang='lat' dir='ltr'>rheginieusium</span> <span class='ocrx_word' id='word_1_35' title='bbox 321 634 361 671; x_wconf 82' lang='lat' dir='ltr'>res</span> <span class='ocrx_word' id='word_1_36' title='bbox 380 616 549 669; x_wconf 85' lang='lat' dir='ltr'>vehementer</span> <span class='ocrx_word' id='word_1_37' title='bbox 566 611 648 669; x_wconf 77' lang='lat' dir='ltr'>ell&#39;ent</span> <span class='ocrx_word' id='word_1_38' title='bbox 666 612 786 677; x_wconf 67' lang='lat' dir='ltr'>afflicte,</span> <span class='ocrx_word' id='word_1_39' title='bbox 805 634 890 691; x_wconf 92' lang='lat' dir='ltr'>neque</span> <span class='ocrx_word' id='word_1_40' title='bbox 906 622 1047 679; x_wconf 88' lang='lat' dir='ltr'>Romano.</span> 
     </span>
     <span class='ocr_line' id='line_1_6' title="bbox 80 683 1048 765; baseline 0.002 -14"><span class='ocrx_word' id='word_1_41' title='bbox 80 716 93 751; x_wconf 93' lang='lat' dir='ltr'>ii</span> <span class='ocrx_word' id='word_1_42' title='bbox 112 694 225 757; x_wconf 88' lang='lat' dir='ltr'>robori,</span> <span class='ocrx_word' id='word_1_43' title='bbox 244 710 275 748; x_wconf 87' lang='lat' dir='ltr'>ac</span> <span class='ocrx_word' id='word_1_44' title='bbox 286 686 439 747; x_wconf 87' lang='lat' dir='ltr'>fortitudini</span> <span class='ocrx_word' id='word_1_45' title='bbox 451 690 551 745; x_wconf 78' lang='lat' dir='ltr'>diutius</span> <span class='ocrx_word' id='word_1_46' title='bbox 562 688 676 747; x_wconf 78' lang='lat' dir='ltr'>refillete</span> <span class='ocrx_word' id='word_1_47' title='bbox 689 683 803 765; x_wconf 86' lang='lat' dir='ltr'>possent,</span> <span class='ocrx_word' id='word_1_48' title='bbox 823 690 918 749; x_wconf 87' lang='lat' dir='ltr'>iiecelle</span> <span class='ocrx_word' id='word_1_49' title='bbox 931 691 981 751; x_wconf 86' lang='lat' dir='ltr'>fuit</span> <span class='ocrx_word' id='word_1_50' title='bbox 993 699 1048 755; x_wconf 79' lang='lat' dir='ltr'>illia</span> 
     </span>
     <span class='ocr_line' id='line_1_7' title="bbox 80 764 1047 845; baseline -0.008 -16"><span class='ocrx_word' id='word_1_51' title='bbox 80 769 304 829; x_wconf 80' lang='lat' dir='ltr'>Lacedaeiuonios</span> <span class='ocrx_word' id='word_1_52' title='bbox 313 764 473 845; x_wconf 82' lang='lat' dir='ltr'>confugere,</span> <span class='ocrx_word' id='word_1_53' title='bbox 491 773 518 822; x_wconf 77' lang='grc' dir='ltr'>δι</span> <span class='ocrx_word' id='word_1_54' title='bbox 534 766 568 822; x_wconf 86' lang='lat' dir='ltr'>ab</span> <span class='ocrx_word' id='word_1_55' title='bbox 580 766 632 822; x_wconf 86' lang='lat' dir='ltr'>illis</span> <span class='ocrx_word' id='word_1_56' title='bbox 643 766 775 823; x_wconf 82' lang='lat' dir='ltr'>auxilium</span> <span class='ocrx_word' id='word_1_57' title='bbox 791 785 896 842; x_wconf 87' lang='lat' dir='ltr'>petere,</span> <span class='ocrx_word' id='word_1_58' title='bbox 926 791 981 845; x_wconf 88' lang='lat' dir='ltr'>qno</span> <span class='ocrx_word' id='word_1_59' title='bbox 992 775 1047 829; x_wconf 77' lang='lat' dir='ltr'>im.</span> 
     </span>
     <span class='ocr_line' id='line_1_8' title="bbox 80 841 1049 922; baseline 0 -17"><span class='ocrx_word' id='word_1_60' title='bbox 80 866 137 906; x_wconf 88' lang='lat' dir='ltr'>rato</span> <span class='ocrx_word' id='word_1_61' title='bbox 157 844 333 919; x_wconf 77' lang='lat' dir='ltr'>Xanthippus</span> <span class='ocrx_word' id='word_1_62' title='bbox 352 842 615 899; x_wconf 72' lang='lat' dir='ltr'>lacedemoniorum</span> <span class='ocrx_word' id='word_1_63' title='bbox 636 842 734 899; x_wconf 76' lang='lat' dir='ltr'>ductor</span> <span class='ocrx_word' id='word_1_64' title='bbox 751 841 944 922; x_wconf 79' lang='lat' dir='ltr'>Carthaginem</span> <span class='ocrx_word' id='word_1_65' title='bbox 960 846 1049 922; x_wconf 87' lang='lat' dir='ltr'>prose·</span> 
     </span>
     <span class='ocr_line' id='line_1_9' title="bbox 80 917 1046 997; baseline 0.002 -18"><span class='ocrx_word' id='word_1_66' title='bbox 80 946 112 987; x_wconf 79' lang='lat' dir='ltr'>s,</span> <span class='ocrx_word' id='word_1_67' title='bbox 133 942 192 979; x_wconf 91' lang='lat' dir='ltr'>non</span> <span class='ocrx_word' id='word_1_68' title='bbox 204 922 242 977; x_wconf 87' lang='lat' dir='ltr'>ita</span> <span class='ocrx_word' id='word_1_69' title='bbox 253 920 341 977; x_wconf 91' lang='lat' dir='ltr'>multo</span> <span class='ocrx_word' id='word_1_70' title='bbox 352 917 411 997; x_wconf 79' lang='lat' dir='ltr'>poll</span> <span class='ocrx_word' id='word_1_71' title='bbox 423 922 613 975; x_wconf 84' lang='lat' dir='ltr'>Romanorum</span> <span class='ocrx_word' id='word_1_72' title='bbox 625 920 772 975; x_wconf 87' lang='lat' dir='ltr'>exercitum</span> <span class='ocrx_word' id='word_1_73' title='bbox 786 956 796 982; x_wconf 90' lang='lat'>,</span> <span class='ocrx_word' id='word_1_74' title='bbox 821 939 864 975; x_wconf 92' lang='lat' dir='ltr'>cui</span> <span class='ocrx_word' id='word_1_75' title='bbox 873 920 965 979; x_wconf 87' lang='lat' dir='ltr'>consul</span> <span class='ocrx_word' id='word_1_76' title='bbox 977 928 1046 981; x_wconf 84' lang='lat' dir='ltr'>nni·</span> 
     </span>
     <span class='ocr_line' id='line_1_10' title="bbox 79 994 1049 1079; baseline -0.011 -23"><span class='ocrx_word' id='word_1_77' title='bbox 79 1022 84 1055; x_wconf 87' lang='lat' dir='ltr'>r</span> <span class='ocrx_word' id='word_1_78' title='bbox 98 999 222 1079; x_wconf 80' lang='lat' dir='ltr'>Regulus</span> <span class='ocrx_word' id='word_1_79' title='bbox 233 1012 360 1073; x_wconf 84' lang='lat' dir='ltr'>praeerat,</span> <span class='ocrx_word' id='word_1_80' title='bbox 386 994 538 1056; x_wconf 78' lang='lat' dir='ltr'>debellavit,</span> <span class='ocrx_word' id='word_1_81' title='bbox 559 994 647 1071; x_wconf 88' lang='lat' dir='ltr'>ipsuiii</span> <span class='ocrx_word' id='word_1_82' title='bbox 661 994 805 1051; x_wconf 78' lang='lat' dir='ltr'>Consulem</span> <span class='ocrx_word' id='word_1_83' title='bbox 817 998 922 1074; x_wconf 84' lang='lat' dir='ltr'>cepit&amp;</span> <span class='ocrx_word' id='word_1_84' title='bbox 934 1002 1049 1057; x_wconf 80' lang='lat' dir='ltr'>Cartha.</span> 
     </span>
     <span class='ocr_line' id='line_1_11' title="bbox 80 1068 1050 1158; baseline 0.005 -29"><span class='ocrx_word' id='word_1_85' title='bbox 80 1094 132 1134; x_wconf 82' lang='lat' dir='ltr'>em</span> <span class='ocrx_word' id='word_1_86' title='bbox 146 1073 271 1133; x_wconf 86' lang='lat' dir='ltr'>deduxit.</span> <span class='ocrx_word' id='word_1_87' title='bbox 290 1070 383 1129; x_wconf 80' lang='lat' dir='ltr'>Postea</span> <span class='ocrx_word' id='word_1_88' title='bbox 392 1091 455 1126; x_wconf 86' lang='lat' dir='ltr'>veto</span> <span class='ocrx_word' id='word_1_89' title='bbox 467 1068 688 1158; x_wconf 65' lang='lat' dir='ltr'>Carthaginenses</span> <span class='ocrx_word' id='word_1_90' title='bbox 702 1070 751 1126; x_wconf 89' lang='lat' dir='ltr'>hac</span> <span class='ocrx_word' id='word_1_91' title='bbox 760 1090 865 1145; x_wconf 88' lang='lat' dir='ltr'>accepta</span> <span class='ocrx_word' id='word_1_92' title='bbox 878 1091 933 1129; x_wconf 88' lang='lat' dir='ltr'>tam</span> <span class='ocrx_word' id='word_1_93' title='bbox 947 1074 1050 1153; x_wconf 87' lang='lat' dir='ltr'>insigni</span> 
     </span>
     <span class='ocr_line' id='line_1_12' title="bbox 80 1145 1049 1227; baseline 0.001 -18"><span class='ocrx_word' id='word_1_94' title='bbox 80 1151 174 1218; x_wconf 85' lang='lat' dir='ltr'>lotia,</span> <span class='ocrx_word' id='word_1_95' title='bbox 192 1150 226 1207; x_wconf 92' lang='lat' dir='ltr'>de</span> <span class='ocrx_word' id='word_1_96' title='bbox 238 1166 300 1226; x_wconf 82' lang='lat' dir='ltr'>pace</span> <span class='ocrx_word' id='word_1_97' title='bbox 310 1168 373 1205; x_wconf 91' lang='lat' dir='ltr'>cum</span> <span class='ocrx_word' id='word_1_98' title='bbox 388 1148 520 1203; x_wconf 84' lang='lat' dir='ltr'>Romanis</span> <span class='ocrx_word' id='word_1_99' title='bbox 531 1145 651 1204; x_wconf 86' lang='lat' dir='ltr'>facienda</span> <span class='ocrx_word' id='word_1_100' title='bbox 662 1149 779 1225; x_wconf 85' lang='lat' dir='ltr'>cogitare</span> <span class='ocrx_word' id='word_1_101' title='bbox 790 1164 942 1223; x_wconf 77' lang='lat' dir='ltr'>caeperunt:</span> <span class='ocrx_word' id='word_1_102' title='bbox 962 1149 1049 1227; x_wconf 87' lang='lat' dir='ltr'>spera-</span> 
     </span>
     <span class='ocr_line' id='line_1_13' title="bbox 80 1217 1049 1299; baseline 0.001 -14"><span class='ocrx_word' id='word_1_103' title='bbox 80 1246 102 1285; x_wconf 92' lang='lat' dir='ltr'>it</span> <span class='ocrx_word' id='word_1_104' title='bbox 114 1230 193 1284; x_wconf 87' lang='lat' dir='ltr'>enini</span> <span class='ocrx_word' id='word_1_105' title='bbox 206 1229 345 1283; x_wconf 85' lang='lat' dir='ltr'>Romanos</span> <span class='ocrx_word' id='word_1_106' title='bbox 359 1225 395 1281; x_wconf 90' lang='lat' dir='ltr'>ob</span> <span class='ocrx_word' id='word_1_107' title='bbox 407 1242 540 1298; x_wconf 82' lang='lat' dir='ltr'>acceptam</span> <span class='ocrx_word' id='word_1_108' title='bbox 555 1223 616 1279; x_wconf 91' lang='lat' dir='ltr'>belli</span> <span class='ocrx_word' id='word_1_109' title='bbox 630 1243 713 1299; x_wconf 85' lang='lat' dir='ltr'>nuper</span> <span class='ocrx_word' id='word_1_110' title='bbox 723 1217 917 1289; x_wconf 81' lang='lat' dir='ltr'>offensionem,</span> <span class='ocrx_word' id='word_1_111' title='bbox 937 1223 1011 1284; x_wconf 86' lang='lat' dir='ltr'>facile</span> <span class='ocrx_word' id='word_1_112' title='bbox 1019 1228 1049 1285; x_wconf 90' lang='lat' dir='ltr'>id</span> 
     </span>
     <span class='ocr_line' id='line_1_14' title="bbox 80 1297 1051 1377; baseline -0.004 -14"><span class='ocrx_word' id='word_1_113' title='bbox 80 1300 217 1363; x_wconf 83' lang='lat' dir='ltr'>icellnros:</span> <span class='ocrx_word' id='word_1_114' title='bbox 238 1308 265 1357; x_wconf 74' lang='grc' dir='ltr'>ει</span> <span class='ocrx_word' id='word_1_115' title='bbox 279 1318 335 1377; x_wconf 87' lang='lat' dir='ltr'>quo</span> <span class='ocrx_word' id='word_1_116' title='bbox 346 1302 435 1377; x_wconf 81' lang='lat' dir='ltr'>magis</span> <span class='ocrx_word' id='word_1_117' title='bbox 445 1300 574 1376; x_wconf 89' lang='lat' dir='ltr'>populum</span> <span class='ocrx_word' id='word_1_118' title='bbox 583 1303 741 1357; x_wconf 82' lang='lat' dir='ltr'>Romanum</span> <span class='ocrx_word' id='word_1_119' title='bbox 755 1297 788 1355; x_wconf 93' lang='lat' dir='ltr'>ad</span> <span class='ocrx_word' id='word_1_120' title='bbox 802 1318 892 1376; x_wconf 86' lang='lat' dir='ltr'>pacem</span> <span class='ocrx_word' id='word_1_121' title='bbox 905 1303 1051 1369; x_wconf 74' lang='lat' dir='ltr'>allicerent,</span> 
     </span>
     <span class='ocr_line' id='line_1_15' title="bbox 80 1374 1052 1457; baseline 0.001 -20"><span class='ocrx_word' id='word_1_122' title='bbox 80 1400 134 1437; x_wconf 66' lang='lat' dir='ltr'>*uni</span> <span class='ocrx_word' id='word_1_123' title='bbox 150 1376 286 1437; x_wconf 88' lang='lat' dir='ltr'>consulem</span> <span class='ocrx_word' id='word_1_124' title='bbox 300 1376 452 1453; x_wconf 85' lang='lat' dir='ltr'>Regulum,</span> <span class='ocrx_word' id='word_1_125' title='bbox 471 1394 553 1449; x_wconf 87' lang='lat' dir='ltr'>quem</span> <span class='ocrx_word' id='word_1_126' title='bbox 565 1392 700 1451; x_wconf 84' lang='lat' dir='ltr'>captivum</span> <span class='ocrx_word' id='word_1_127' title='bbox 715 1374 862 1440; x_wconf 80' lang='lat' dir='ltr'>habebant,</span> <span class='ocrx_word' id='word_1_128' title='bbox 881 1397 943 1434; x_wconf 92' lang='lat' dir='ltr'>cum</span> <span class='ocrx_word' id='word_1_129' title='bbox 957 1378 1052 1457; x_wconf 76' lang='lat' dir='ltr'>legatia</span> 
     </span>
     <span class='ocr_line' id='line_1_16' title="bbox 80 1450 1051 1531; baseline -0.001 -17"><span class='ocrx_word' id='word_1_130' title='bbox 80 1476 92 1513; x_wconf 79' lang='lat' dir='ltr'>s</span> <span class='ocrx_word' id='word_1_131' title='bbox 109 1458 232 1513; x_wconf 81' lang='lat' dir='ltr'>Romam</span> <span class='ocrx_word' id='word_1_132' title='bbox 247 1450 386 1509; x_wconf 90' lang='lat' dir='ltr'>miserunt.</span> <span class='ocrx_word' id='word_1_133' title='bbox 413 1451 460 1507; x_wconf 84' lang='lat' dir='ltr'>Sed</span> <span class='ocrx_word' id='word_1_134' title='bbox 475 1454 618 1527; x_wconf 88' lang='lat' dir='ltr'>prinsenin</span> <span class='ocrx_word' id='word_1_135' title='bbox 632 1452 800 1524; x_wconf 77' lang='lat' dir='ltr'>jurejurando</span> <span class='ocrx_word' id='word_1_136' title='bbox 812 1452 969 1531; x_wconf 85' lang='lat' dir='ltr'>adegerunt,</span> <span class='ocrx_word' id='word_1_137' title='bbox 991 1450 1051 1515; x_wconf 88' lang='lat' dir='ltr'>ursi</span> 
     </span>
     <span class='ocr_line' id='line_1_17' title="bbox 80 1524 1053 1607; baseline 0 -20"><span class='ocrx_word' id='word_1_138' title='bbox 80 1532 260 1607; x_wconf 89' lang='lat' dir='ltr'>imaniueque</span> <span class='ocrx_word' id='word_1_139' title='bbox 270 1546 361 1605; x_wconf 89' lang='lat' dir='ltr'>pacem</span> <span class='ocrx_word' id='word_1_140' title='bbox 376 1524 505 1590; x_wconf 87' lang='lat' dir='ltr'>facerent,</span> <span class='ocrx_word' id='word_1_141' title='bbox 525 1547 610 1603; x_wconf 88' lang='lat' dir='ltr'>neque</span> <span class='ocrx_word' id='word_1_142' title='bbox 620 1531 739 1605; x_wconf 83' lang='lat' dir='ltr'>captivos</span> <span class='ocrx_word' id='word_1_143' title='bbox 750 1526 906 1591; x_wconf 82' lang='lat' dir='ltr'>redderent.</span> <span class='ocrx_word' id='word_1_144' title='bbox 925 1532 1053 1607; x_wconf 85' lang='lat' dir='ltr'>ipsecum</span> 
     </span>
     <span class='ocr_line' id='line_1_18' title="bbox 80 1602 1053 1684; baseline 0.002 -19"><span class='ocrx_word' id='word_1_145' title='bbox 80 1608 135 1683; x_wconf 69' lang='lat' dir='ltr'>ptis</span> <span class='ocrx_word' id='word_1_146' title='bbox 147 1610 244 1665; x_wconf 83' lang='lat' dir='ltr'>iteruin</span> <span class='ocrx_word' id='word_1_147' title='bbox 257 1602 452 1683; x_wconf 83' lang='lat' dir='ltr'>Carthaginem</span> <span class='ocrx_word' id='word_1_148' title='bbox 466 1622 644 1661; x_wconf 84' lang='lat' dir='ltr'>reverteretur.</span> <span class='ocrx_word' id='word_1_149' title='bbox 683 1606 802 1679; x_wconf 77' lang='lat' dir='ltr'>Regulus</span> <span class='ocrx_word' id='word_1_150' title='bbox 813 1624 873 1661; x_wconf 85' lang='lat' dir='ltr'>iero</span> <span class='ocrx_word' id='word_1_151' title='bbox 884 1609 932 1684; x_wconf 88' lang='lat' dir='ltr'>qui</span> <span class='ocrx_word' id='word_1_152' title='bbox 945 1610 1053 1667; x_wconf 87' lang='lat' dir='ltr'>ieteba-</span> 
     </span>
     <span class='ocr_line' id='line_1_19' title="bbox 80 1682 1054 1761; baseline -0.003 -20"><span class='ocrx_word' id='word_1_153' title='bbox 80 1706 100 1749; x_wconf 71' lang='grc'>’,</span> <span class='ocrx_word' id='word_1_154' title='bbox 122 1704 158 1741; x_wconf 90' lang='lat' dir='ltr'>ne</span> <span class='ocrx_word' id='word_1_155' title='bbox 166 1684 286 1741; x_wconf 87' lang='lat' dir='ltr'>Romani</span> <span class='ocrx_word' id='word_1_156' title='bbox 294 1699 383 1756; x_wconf 90' lang='lat' dir='ltr'>pacem</span> <span class='ocrx_word' id='word_1_157' title='bbox 392 1682 555 1755; x_wconf 89' lang='lat' dir='ltr'>acciperent,</span> <span class='ocrx_word' id='word_1_158' title='bbox 574 1682 748 1757; x_wconf 88' lang='lat' dir='ltr'>autcapiiuos</span> <span class='ocrx_word' id='word_1_159' title='bbox 760 1700 957 1755; x_wconf 82' lang='lat' dir='ltr'>permutarent,</span> <span class='ocrx_word' id='word_1_160' title='bbox 978 1684 1054 1761; x_wconf 85' lang='lat' dir='ltr'>quod</span> 
     </span>
     <span class='ocr_line' id='line_1_20' title="bbox 80 1752 1054 1837; baseline 0 -20"><span class='ocrx_word' id='word_1_161' title='bbox 80 1777 190 1835; x_wconf 85' lang='lat' dir='ltr'>:rituque</span> <span class='ocrx_word' id='word_1_162' title='bbox 203 1756 307 1815; x_wconf 85' lang='lat' dir='ltr'>videbat</span> <span class='ocrx_word' id='word_1_163' title='bbox 321 1760 452 1813; x_wconf 74' lang='lat' dir='ltr'>Romanae</span> <span class='ocrx_word' id='word_1_164' title='bbox 465 1757 581 1832; x_wconf 86' lang='lat' dir='ltr'>Reipub.</span> <span class='ocrx_word' id='word_1_165' title='bbox 592 1752 838 1832; x_wconf 82' lang='lat' dir='ltr'>perniciosissimum</span> <span class='ocrx_word' id='word_1_166' title='bbox 850 1755 922 1822; x_wconf 86' lang='lat' dir='ltr'>sore,</span> <span class='ocrx_word' id='word_1_167' title='bbox 940 1761 1054 1837; x_wconf 81' lang='lat' dir='ltr'>legatio·</span> 
     </span>
     <span class='ocr_line' id='line_1_21' title="bbox 80 1830 1052 1909; baseline -0.002 -14"><span class='ocrx_word' id='word_1_168' title='bbox 80 1856 106 1895; x_wconf 87' lang='lat' dir='ltr'>ni</span> <span class='ocrx_word' id='word_1_169' title='bbox 121 1855 178 1893; x_wconf 93' lang='lat' dir='ltr'>non</span> <span class='ocrx_word' id='word_1_170' title='bbox 187 1834 329 1896; x_wconf 83' lang='lat' dir='ltr'>recusavit,</span> <span class='ocrx_word' id='word_1_171' title='bbox 349 1852 433 1907; x_wconf 89' lang='lat' dir='ltr'>neqiie</span> <span class='ocrx_word' id='word_1_172' title='bbox 447 1832 517 1889; x_wconf 89' lang='lat' dir='ltr'>aliud</span> <span class='ocrx_word' id='word_1_173' title='bbox 531 1830 794 1909; x_wconf 82' lang='lat' dir='ltr'>Carthaginiensibus</span> <span class='ocrx_word' id='word_1_174' title='bbox 806 1832 944 1907; x_wconf 81' lang='lat' dir='ltr'>promisit,</span> <span class='ocrx_word' id='word_1_175' title='bbox 964 1835 1013 1892; x_wconf 81' lang='lat' dir='ltr'>nifi</span> <span class='ocrx_word' id='word_1_176' title='bbox 1026 1836 1052 1895; x_wconf 91' lang='lat' dir='ltr'>se</span> 
     </span>
     <span class='ocr_line' id='line_1_22' title="bbox 80 1902 1055 1987; baseline -0.002 -15"><span class='ocrx_word' id='word_1_177' title='bbox 80 1910 229 1976; x_wconf 71' lang='lat' dir='ltr'>versutum,</span> <span class='ocrx_word' id='word_1_178' title='bbox 248 1908 267 1967; x_wconf 86' lang='lat' dir='ltr'>si</span> <span class='ocrx_word' id='word_1_179' title='bbox 281 1907 351 1966; x_wconf 91' lang='lat' dir='ltr'>nihil</span> <span class='ocrx_word' id='word_1_180' title='bbox 363 1928 379 1963; x_wconf 88' lang='lat' dir='ltr'>a</span> <span class='ocrx_word' id='word_1_181' title='bbox 393 1910 527 1965; x_wconf 80' lang='lat' dir='ltr'>Romanis</span> <span class='ocrx_word' id='word_1_182' title='bbox 539 1902 597 1963; x_wconf 86' lang='lat' dir='ltr'>ellet</span> <span class='ocrx_word' id='word_1_183' title='bbox 608 1911 791 1983; x_wconf 91' lang='lat' dir='ltr'>impetratum.</span> <span class='ocrx_word' id='word_1_184' title='bbox 812 1911 880 1965; x_wconf 86' lang='lat' dir='ltr'>Non</span> <span class='ocrx_word' id='word_1_185' title='bbox 891 1927 981 1967; x_wconf 87' lang='lat' dir='ltr'>autem</span> <span class='ocrx_word' id='word_1_186' title='bbox 993 1914 1055 1987; x_wconf 76' lang='lat' dir='ltr'>pol-</span> 
     </span>
     <span class='ocr_line' id='line_1_23' title="bbox 80 1978 1054 2061; baseline -0.001 -15"><span class='ocrx_word' id='word_1_187' title='bbox 80 1992 131 2047; x_wconf 82' lang='lat' dir='ltr'>itus</span> <span class='ocrx_word' id='word_1_188' title='bbox 143 1984 184 2044; x_wconf 83' lang='lat' dir='ltr'>est</span> <span class='ocrx_word' id='word_1_189' title='bbox 204 1988 243 2057; x_wconf 81' lang='lat' dir='ltr'>(ut</span> <span class='ocrx_word' id='word_1_190' title='bbox 253 2003 282 2043; x_wconf 92' lang='lat' dir='ltr'>tu</span> <span class='ocrx_word' id='word_1_191' title='bbox 292 1978 397 2042; x_wconf 84' lang='lat' dir='ltr'>fortasse</span> <span class='ocrx_word' id='word_1_192' title='bbox 409 1986 557 2053; x_wconf 76' lang='lat' dir='ltr'>existimas)</span> <span class='ocrx_word' id='word_1_193' title='bbox 579 1982 604 2040; x_wconf 89' lang='lat' dir='ltr'>se</span> <span class='ocrx_word' id='word_1_194' title='bbox 615 1983 740 2041; x_wconf 84' lang='lat' dir='ltr'>daturum</span> <span class='ocrx_word' id='word_1_195' title='bbox 752 2002 878 2058; x_wconf 90' lang='lat' dir='ltr'>operam,</span> <span class='ocrx_word' id='word_1_196' title='bbox 898 2004 927 2040; x_wconf 90' lang='lat' dir='ltr'>ur</span> <span class='ocrx_word' id='word_1_197' title='bbox 939 2006 992 2061; x_wconf 78' lang='lat' dir='ltr'>pax</span> <span class='ocrx_word' id='word_1_198' title='bbox 1005 1986 1054 2045; x_wconf 86' lang='lat' dir='ltr'>lic-</span> 
     </span>
     <span class='ocr_line' id='line_1_24' title="bbox 80 2056 1055 2141; baseline 0.001 -20"><span class='ocrx_word' id='word_1_199' title='bbox 80 2086 84 2121; x_wconf 94' lang='lat'><strong>:</strong></span> <span class='ocrx_word' id='word_1_200' title='bbox 96 2104 106 2129; x_wconf 95' lang='lat'>,</span> <span class='ocrx_word' id='word_1_201' title='bbox 133 2082 181 2121; x_wconf 83' lang='lat' dir='ltr'>aut</span> <span class='ocrx_word' id='word_1_202' title='bbox 190 2063 287 2141; x_wconf 81' lang='lat' dir='ltr'>captivi</span> <span class='ocrx_word' id='word_1_203' title='bbox 298 2058 467 2119; x_wconf 84' lang='lat' dir='ltr'>redderentur</span> <span class='ocrx_word' id='word_1_204' title='bbox 480 2082 487 2116; x_wconf 80' lang='grc' dir='ltr'><strong>ι</strong></span> <span class='ocrx_word' id='word_1_205' title='bbox 499 2059 587 2135; x_wconf 53' lang='lat' dir='ltr'>,quod</span> <span class='ocrx_word' id='word_1_206' title='bbox 599 2079 632 2116; x_wconf 88' lang='lat' dir='ltr'>iic</span> <span class='ocrx_word' id='word_1_207' title='bbox 653 2080 684 2115; x_wconf 94' lang='lat' dir='ltr'>ue</span> <span class='ocrx_word' id='word_1_208' title='bbox 696 2056 783 2115; x_wconf 72' lang='lat' dir='ltr'>hostes</span> <span class='ocrx_word' id='word_1_209' title='bbox 795 2060 828 2114; x_wconf 85' lang='lat' dir='ltr'>ab</span> <span class='ocrx_word' id='word_1_210' title='bbox 839 2080 871 2114; x_wconf 91' lang='lat' dir='ltr'>eo</span> <span class='ocrx_word' id='word_1_211' title='bbox 883 2061 998 2135; x_wconf 81' lang='lat' dir='ltr'>petivisse</span> <span class='ocrx_word' id='word_1_212' title='bbox 1011 2064 1055 2122; x_wconf 88' lang='lat' dir='ltr'>di-</span> 
     </span>
     <span class='ocr_line' id='line_1_25' title="bbox 80 2080 1055 2217; baseline -0.002 -18"><span class='ocrx_word' id='word_1_213' title='bbox 80 2160 159 2199; x_wconf 84' lang='lat' dir='ltr'>ntnt:</span> <span class='ocrx_word' id='word_1_214' title='bbox 179 2142 281 2217; x_wconf 84' lang='lat' dir='ltr'>quippe</span> <span class='ocrx_word' id='word_1_215' title='bbox 300 2139 347 2214; x_wconf 88' lang='lat' dir='ltr'>qui</span> <span class='ocrx_word' id='word_1_216' title='bbox 365 2136 517 2200; x_wconf 86' lang='lat' dir='ltr'>crederent,</span> <span class='ocrx_word' id='word_1_217' title='bbox 535 2136 610 2193; x_wconf 90' lang='lat' dir='ltr'>illum</span> <span class='ocrx_word' id='word_1_218' title='bbox 624 2080 725 2193; x_wconf 71' lang='lat' dir='ltr'>dbiiire</span> <span class='ocrx_word' id='word_1_219' title='bbox 739 2137 834 2191; x_wconf 88' lang='lat' dir='ltr'>oninia</span> <span class='ocrx_word' id='word_1_220' title='bbox 848 2133 982 2195; x_wconf 70' lang='lat' dir='ltr'>faciurum</span> <span class='ocrx_word' id='word_1_221' title='bbox 998 2159 1055 2216; x_wconf 87' lang='lat' dir='ltr'>quo</span> 
     </span>
    </p>
   </div>
   <div class='ocr_carea' id='block_1_2' title="bbox 80 2206 1057 2578">
    <p class='ocr_par' dir='ltr' id='par_1_2' title="bbox 80 2206 1057 2578">
     <span class='ocr_line' id='line_1_26' title="bbox 80 2206 1055 2290; baseline -0.002 -15"><span class='ocrx_word' id='word_1_222' title='bbox 80 2215 214 2275; x_wconf 84' lang='lat' dir='ltr'>isuadetet</span> <span class='ocrx_word' id='word_1_223' title='bbox 225 2232 343 2290; x_wconf 84' lang='lat' dir='ltr'>captivos</span> <span class='ocrx_word' id='word_1_224' title='bbox 356 2206 404 2269; x_wconf 84' lang='lat' dir='ltr'>else</span> <span class='ocrx_word' id='word_1_225' title='bbox 420 2212 577 2275; x_wconf 87' lang='lat' dir='ltr'>mutandos,</span> <span class='ocrx_word' id='word_1_226' title='bbox 598 2230 626 2270; x_wconf 93' lang='lat' dir='ltr'>ut</span> <span class='ocrx_word' id='word_1_227' title='bbox 637 2211 732 2282; x_wconf 81' lang='lat' dir='ltr'>domi,</span> <span class='ocrx_word' id='word_1_228' title='bbox 754 2230 832 2288; x_wconf 89' lang='lat' dir='ltr'>atque</span> <span class='ocrx_word' id='word_1_229' title='bbox 848 2214 876 2268; x_wconf 93' lang='lat' dir='ltr'>in</span> <span class='ocrx_word' id='word_1_230' title='bbox 909 2216 975 2271; x_wconf 88' lang='lat' dir='ltr'>atria</span> <span class='ocrx_word' id='word_1_231' title='bbox 989 2214 1055 2283; x_wconf 86' lang='lat' dir='ltr'>sua,</span> 
     </span>
     <span class='ocr_line' id='line_1_27' title="bbox 81 2233 1057 2371; baseline 0.002 -21"><span class='ocrx_word' id='word_1_232' title='bbox 81 2314 109 2351; x_wconf 89' lang='lat' dir='ltr'>ni</span> <span class='ocrx_word' id='word_1_233' title='bbox 120 2292 238 2371; x_wconf 80' lang='lat' dir='ltr'>conjuge</span> <span class='ocrx_word' id='word_1_234' title='bbox 249 2310 279 2347; x_wconf 87' lang='lat' dir='ltr'>ac</span> <span class='ocrx_word' id='word_1_235' title='bbox 288 2290 378 2346; x_wconf 80' lang='lat' dir='ltr'>liberis</span> <span class='ocrx_word' id='word_1_236' title='bbox 389 2286 437 2345; x_wconf 85' lang='lat' dir='ltr'>else</span> <span class='ocrx_word' id='word_1_237' title='bbox 448 2286 539 2365; x_wconf 85' lang='lat' dir='ltr'>pollet.</span> <span class='ocrx_word' id='word_1_238' title='bbox 566 2291 618 2345; x_wconf 89' lang='lat' dir='ltr'>Hic</span> <span class='ocrx_word' id='word_1_239' title='bbox 631 2306 646 2343; x_wconf 86' lang='lat' dir='ltr'>a</span> <span class='ocrx_word' id='word_1_240' title='bbox 658 2306 684 2344; x_wconf 90' lang='lat' dir='ltr'>te</span> <span class='ocrx_word' id='word_1_241' title='bbox 695 2306 772 2364; x_wconf 89' lang='lat' dir='ltr'>pcto,</span> <span class='ocrx_word' id='word_1_242' title='bbox 793 2288 858 2363; x_wconf 89' lang='lat' dir='ltr'>quid</span> <span class='ocrx_word' id='word_1_243' title='bbox 869 2233 929 2346; x_wconf 76' lang='lat' dir='ltr'>esset</span> <span class='ocrx_word' id='word_1_244' title='bbox 937 2288 1057 2352; x_wconf 78' lang='lat' dir='ltr'>fadlurun</span> 
     </span>
     <span class='ocr_line' id='line_1_28' title="bbox 80 2362 1055 2445; baseline 0 -18"><span class='ocrx_word' id='word_1_245' title='bbox 80 2369 196 2445; x_wconf 77' lang='lat' dir='ltr'>rpatriae</span> <span class='ocrx_word' id='word_1_246' title='bbox 211 2362 424 2425; x_wconf 74' lang='lat' dir='ltr'>amantissimus?</span> <span class='ocrx_word' id='word_1_247' title='bbox 443 2385 477 2422; x_wconf 92' lang='lat' dir='ltr'>an</span> <span class='ocrx_word' id='word_1_248' title='bbox 489 2364 615 2421; x_wconf 86' lang='lat' dir='ltr'>recusaret</span> <span class='ocrx_word' id='word_1_249' title='bbox 625 2364 786 2443; x_wconf 79' lang='lat' dir='ltr'>legationem</span> <span class='ocrx_word' id='word_1_250' title='bbox 800 2375 809 2419; x_wconf 68' lang='lat' dir='ltr'>r</span> <span class='ocrx_word' id='word_1_251' title='bbox 840 2372 873 2421; x_wconf 86' lang='grc' dir='ltr'>Αι</span> <span class='ocrx_word' id='word_1_252' title='bbox 886 2364 987 2425; x_wconf 69' lang='lat' dir='ltr'>loirasst</span> <span class='ocrx_word' id='word_1_253' title='bbox 998 2373 1055 2427; x_wconf 89' lang='lat' dir='ltr'>Ro·</span> 
     </span>
     <span class='ocr_line' id='line_1_29' title="bbox 80 2434 1057 2578; baseline -0.009 -76"><span class='ocrx_word' id='word_1_254' title='bbox 80 2448 123 2503; x_wconf 85' lang='lat' dir='ltr'>ini</span> <span class='ocrx_word' id='word_1_255' title='bbox 134 2440 281 2501; x_wconf 81' lang='lat' dir='ltr'>nescientes</span> <span class='ocrx_word' id='word_1_256' title='bbox 292 2461 348 2518; x_wconf 88' lang='lat' dir='ltr'>quo</span> <span class='ocrx_word' id='word_1_257' title='bbox 360 2443 387 2497; x_wconf 94' lang='lat' dir='ltr'>in</span> <span class='ocrx_word' id='word_1_258' title='bbox 401 2440 467 2497; x_wconf 88' lang='lat' dir='ltr'>statu</span> <span class='ocrx_word' id='word_1_259' title='bbox 476 2461 515 2496; x_wconf 79' lang='lat' dir='ltr'>ree</span> <span class='ocrx_word' id='word_1_260' title='bbox 523 2438 786 2520; x_wconf 78' lang='lat' dir='ltr'>Carthaginienssum</span> <span class='ocrx_word' id='word_1_261' title='bbox 794 2434 888 2504; x_wconf 83' lang='lat' dir='ltr'>essent,</span> <span class='ocrx_word' id='word_1_262' title='bbox 908 2443 1002 2519; x_wconf 89' lang='lat' dir='ltr'>cupide</span> <span class='ocrx_word' id='word_1_263' title='bbox 999 2466 1057 2578; x_wconf 47' lang='lat' dir='ltr'>ipa.</span> 
     </span>
    </p>
   </div>
   <div class='ocr_carea' id='block_1_3' title="bbox 80 2512 1070 3817">
    <p class='ocr_par' dir='ltr' id='par_1_3' title="bbox 80 2512 1070 3817">
     <span class='ocr_line' id='line_1_30' title="bbox 80 2512 1057 2596; baseline -0.01 -17"><span class='ocrx_word' id='word_1_264' title='bbox 80 2512 253 2586; x_wconf 80' lang='lat' dir='ltr'>uisecilsent,</span> <span class='ocrx_word' id='word_1_265' title='bbox 283 2520 439 2594; x_wconf 79' lang='lat' dir='ltr'>&amp;eaptivoa</span> <span class='ocrx_word' id='word_1_266' title='bbox 452 2516 642 2574; x_wconf 83' lang='lat' dir='ltr'>reddidissent:</span> <span class='ocrx_word' id='word_1_267' title='bbox 669 2513 977 2590; x_wconf 72' lang='lat' dir='ltr'>quodsielletfaelum,</span> <span class='ocrx_word' id='word_1_268' title='bbox 1011 2538 1057 2596; x_wconf 69' lang='lat' dir='ltr'>pe.</span> 
     </span>
     <span class='ocr_line' id='line_1_31' title="bbox 80 2592 1057 2669; baseline 0.002 -16"><span class='ocrx_word' id='word_1_269' title='bbox 80 2594 219 2655; x_wconf 77' lang='lat' dir='ltr'>rfillimum</span> <span class='ocrx_word' id='word_1_270' title='bbox 233 2596 310 2653; x_wconf 88' lang='lat' dir='ltr'>illum</span> <span class='ocrx_word' id='word_1_271' title='bbox 325 2592 495 2669; x_wconf 85' lang='lat' dir='ltr'>triumphum</span> <span class='ocrx_word' id='word_1_272' title='bbox 511 2594 544 2650; x_wconf 90' lang='lat' dir='ltr'>de</span> <span class='ocrx_word' id='word_1_273' title='bbox 560 2592 824 2668; x_wconf 77' lang='lat' dir='ltr'>Carthaginiensibus</span> <span class='ocrx_word' id='word_1_274' title='bbox 838 2596 946 2669; x_wconf 82' lang='lat' dir='ltr'>Qiinto</span> <span class='ocrx_word' id='word_1_275' title='bbox 958 2598 1057 2655; x_wconf 62' lang='grc' dir='ltr'>ιιιὸἰαι</span> 
     </span>
     <span class='ocr_line' id='line_1_32' title="bbox 80 2669 1059 2747; baseline 0.004 -20"><span class='ocrx_word' id='word_1_276' title='bbox 80 2696 85 2727; x_wconf 84' lang='lat' dir='ltr'>i</span> <span class='ocrx_word' id='word_1_277' title='bbox 102 2669 225 2729; x_wconf 85' lang='lat' dir='ltr'>Consule</span> <span class='ocrx_word' id='word_1_278' title='bbox 243 2690 323 2745; x_wconf 86' lang='lat' dir='ltr'>atque</span> <span class='ocrx_word' id='word_1_279' title='bbox 344 2673 510 2746; x_wconf 79' lang='lat' dir='ltr'>Imperatore</span> <span class='ocrx_word' id='word_1_280' title='bbox 525 2670 639 2745; x_wconf 87' lang='lat' dir='ltr'>populus</span> <span class='ocrx_word' id='word_1_281' title='bbox 659 2674 799 2725; x_wconf 76' lang='lat' dir='ltr'>Romanus</span> <span class='ocrx_word' id='word_1_282' title='bbox 821 2688 875 2725; x_wconf 90' lang='lat' dir='ltr'>non</span> <span class='ocrx_word' id='word_1_283' title='bbox 894 2671 1059 2747; x_wconf 80' lang='lat' dir='ltr'>reportasset.</span> 
     </span>
     <span class='ocr_line' id='line_1_33' title="bbox 80 2742 1057 2819; baseline 0 -13"><span class='ocrx_word' id='word_1_284' title='bbox 80 2748 216 2807; x_wconf 89' lang='lat' dir='ltr'>dinteiim</span> <span class='ocrx_word' id='word_1_285' title='bbox 224 2747 322 2804; x_wconf 82' lang='lat' dir='ltr'>Cartha</span> <span class='ocrx_word' id='word_1_286' title='bbox 346 2744 487 2803; x_wconf 82' lang='lat' dir='ltr'>irriensitim</span> <span class='ocrx_word' id='word_1_287' title='bbox 500 2748 570 2803; x_wconf 78' lang='lat' dir='ltr'>vires</span> <span class='ocrx_word' id='word_1_288' title='bbox 581 2747 664 2803; x_wconf 73' lang='lat' dir='ltr'>ariste</span> <span class='ocrx_word' id='word_1_289' title='bbox 677 2747 761 2815; x_wconf 84' lang='lat' dir='ltr'>majus</span> <span class='ocrx_word' id='word_1_290' title='bbox 774 2742 1057 2819; x_wconf 83' lang='lat' dir='ltr'>posteaRomanisde·</span> 
     </span>
     <span class='ocr_line' id='line_1_34' title="bbox 83 2818 1060 2906; baseline 0.002 -24"><span class='ocrx_word' id='word_1_291' title='bbox 83 2842 210 2883; x_wconf 89' lang='lat' dir='ltr'>mentum</span> <span class='ocrx_word' id='word_1_292' title='bbox 228 2825 304 2881; x_wconf 87' lang='lat' dir='ltr'>attuli</span> <span class='ocrx_word' id='word_1_293' title='bbox 325 2841 378 2879; x_wconf 88' lang='lat' dir='ltr'>ent.</span> <span class='ocrx_word' id='word_1_294' title='bbox 418 2821 503 2897; x_wconf 81' lang='lat' dir='ltr'>Quod</span> <span class='ocrx_word' id='word_1_295' title='bbox 522 2842 582 2879; x_wconf 93' lang='lat' dir='ltr'>cnm</span> <span class='ocrx_word' id='word_1_296' title='bbox 604 2821 689 2878; x_wconf 90' lang='lat' dir='ltr'>hoino</span> <span class='ocrx_word' id='word_1_297' title='bbox 708 2818 922 2901; x_wconf 76' lang='lat' dir='ltr'>prudentissimus</span> <span class='ocrx_word' id='word_1_298' title='bbox 940 2827 1060 2906; x_wconf 76' lang='lat' dir='ltr'>Regulus</span> 
     </span>
     <span class='ocr_line' id='line_1_35' title="bbox 80 2894 1061 2979; baseline 0.003 -22"><span class='ocrx_word' id='word_1_299' title='bbox 80 2898 122 2959; x_wconf 81' lang='lat' dir='ltr'>iafi</span> <span class='ocrx_word' id='word_1_300' title='bbox 135 2920 151 2957; x_wconf 94' lang='lat' dir='ltr'>e</span> <span class='ocrx_word' id='word_1_301' title='bbox 165 2898 265 2977; x_wconf 88' lang='lat' dir='ltr'>specula</span> <span class='ocrx_word' id='word_1_302' title='bbox 280 2898 397 2977; x_wconf 89' lang='lat' dir='ltr'>quadam</span> <span class='ocrx_word' id='word_1_303' title='bbox 412 2899 491 2979; x_wconf 87' lang='lat' dir='ltr'>longe</span> <span class='ocrx_word' id='word_1_304' title='bbox 504 2896 592 2955; x_wconf 89' lang='lat' dir='ltr'>fututa</span> <span class='ocrx_word' id='word_1_305' title='bbox 604 2894 775 2974; x_wconf 84' lang='lat' dir='ltr'>prospiceret,</span> <span class='ocrx_word' id='word_1_306' title='bbox 796 2898 879 2955; x_wconf 84' lang='lat' dir='ltr'>voluit</span> <span class='ocrx_word' id='word_1_307' title='bbox 890 2902 992 2957; x_wconf 83' lang='lat' dir='ltr'>civibus</span> <span class='ocrx_word' id='word_1_308' title='bbox 1006 2904 1061 2960; x_wconf 82' lang='lat' dir='ltr'>suin</span> 
     </span>
     <span class='ocr_line' id='line_1_36' title="bbox 84 2970 1062 3053; baseline 0 -19"><span class='ocrx_word' id='word_1_309' title='bbox 84 2974 417 3053; x_wconf 78' lang='lat' dir='ltr'>Romaniseaptaedicere:</span> <span class='ocrx_word' id='word_1_310' title='bbox 438 2974 509 3050; x_wconf 85' lang='lat' dir='ltr'>quod</span> <span class='ocrx_word' id='word_1_311' title='bbox 525 2975 597 3033; x_wconf 92' lang='lat' dir='ltr'>nullo</span> <span class='ocrx_word' id='word_1_312' title='bbox 610 2974 696 3030; x_wconf 90' lang='lat' dir='ltr'>modo</span> <span class='ocrx_word' id='word_1_313' title='bbox 709 2970 793 3030; x_wconf 87' lang='lat' dir='ltr'>facere</span> <span class='ocrx_word' id='word_1_314' title='bbox 806 2992 925 3053; x_wconf 88' lang='lat' dir='ltr'>poterat,</span> <span class='ocrx_word' id='word_1_315' title='bbox 943 2976 994 3034; x_wconf 83' lang='lat' dir='ltr'>nist</span> <span class='ocrx_word' id='word_1_316' title='bbox 1004 2982 1062 3036; x_wconf 85' lang='lat' dir='ltr'>Ro·</span> 
     </span>
     <span class='ocr_line' id='line_1_37' title="bbox 80 3047 1062 3130; baseline 0.001 -19"><span class='ocrx_word' id='word_1_317' title='bbox 80 3072 126 3111; x_wconf 85' lang='lat' dir='ltr'>ain</span> <span class='ocrx_word' id='word_1_318' title='bbox 141 3050 277 3130; x_wconf 72' lang='lat' dir='ltr'>proseslua</span> <span class='ocrx_word' id='word_1_319' title='bbox 288 3049 357 3109; x_wconf 87' lang='lat' dir='ltr'>esset.</span> <span class='ocrx_word' id='word_1_320' title='bbox 395 3054 461 3109; x_wconf 93' lang='lat' dir='ltr'>Non</span> <span class='ocrx_word' id='word_1_321' title='bbox 474 3052 555 3127; x_wconf 86' lang='lat' dir='ltr'>igitur</span> <span class='ocrx_word' id='word_1_322' title='bbox 568 3047 665 3107; x_wconf 85' lang='lat' dir='ltr'>frustra</span> <span class='ocrx_word' id='word_1_323' title='bbox 681 3051 843 3127; x_wconf 85' lang='lat' dir='ltr'>legationem</span> <span class='ocrx_word' id='word_1_324' title='bbox 858 3050 965 3130; x_wconf 90' lang='lat' dir='ltr'>suscepit</span> <span class='ocrx_word' id='word_1_325' title='bbox 980 3092 989 3117; x_wconf 90' lang='lat'>,</span> <span class='ocrx_word' id='word_1_326' title='bbox 1017 3054 1062 3112; x_wconf 90' lang='lat' dir='ltr'>sed</span> 
     </span>
     <span class='ocr_line' id='line_1_38' title="bbox 83 3125 1062 3209; baseline 0 -22"><span class='ocrx_word' id='word_1_327' title='bbox 83 3128 348 3209; x_wconf 76' lang='lat' dir='ltr'>patiiaeconsuleret‚</span> <span class='ocrx_word' id='word_1_328' title='bbox 368 3125 745 3204; x_wconf 81' lang='lat' dir='ltr'>utRomanisaperiretquod</span> <span class='ocrx_word' id='word_1_329' title='bbox 757 3128 937 3203; x_wconf 86' lang='lat' dir='ltr'>ignorabant,</span> <span class='ocrx_word' id='word_1_330' title='bbox 958 3148 986 3185; x_wconf 93' lang='lat' dir='ltr'>ut</span> <span class='ocrx_word' id='word_1_331' title='bbox 1002 3132 1062 3187; x_wconf 78' lang='grc' dir='ltr'>Ρα-</span> 
     </span>
     <span class='ocr_line' id='line_1_39' title="bbox 80 3200 1063 3282; baseline 0.002 -19"><span class='ocrx_word' id='word_1_332' title='bbox 80 3225 152 3263; x_wconf 88' lang='lat' dir='ltr'>irum</span> <span class='ocrx_word' id='word_1_333' title='bbox 173 3204 322 3261; x_wconf 78' lang='lat' dir='ltr'>debilitatae</span> <span class='ocrx_word' id='word_1_334' title='bbox 338 3206 392 3279; x_wconf 83' lang='lat' dir='ltr'>jain</span> <span class='ocrx_word' id='word_1_335' title='bbox 407 3210 434 3261; x_wconf 88' lang='lat'>&amp;</span> <span class='ocrx_word' id='word_1_336' title='bbox 445 3200 541 3262; x_wconf 61' lang='lat' dir='ltr'>stadiae</span> <span class='ocrx_word' id='word_1_337' title='bbox 556 3206 624 3259; x_wconf 77' lang='lat' dir='ltr'>vites</span> <span class='ocrx_word' id='word_1_338' title='bbox 640 3200 687 3259; x_wconf 74' lang='lat' dir='ltr'>effi</span> <span class='ocrx_word' id='word_1_339' title='bbox 698 3208 807 3259; x_wconf 89' lang='lat' dir='ltr'>Senatus</span> <span class='ocrx_word' id='word_1_340' title='bbox 818 3204 985 3282; x_wconf 80' lang='lat' dir='ltr'>intelligeret.</span> <span class='ocrx_word' id='word_1_341' title='bbox 1025 3210 1063 3265; x_wconf 81' lang='lat' dir='ltr'>Aa</span> 
     </span>
     <span class='ocr_line' id='line_1_40' title="bbox 80 3276 1065 3353; baseline 0 -14"><span class='ocrx_word' id='word_1_342' title='bbox 80 3302 108 3339; x_wconf 88' lang='lat' dir='ltr'>in</span> <span class='ocrx_word' id='word_1_343' title='bbox 120 3282 218 3339; x_wconf 88' lang='lat' dir='ltr'>licebat</span> <span class='ocrx_word' id='word_1_344' title='bbox 230 3280 269 3338; x_wconf 92' lang='lat' dir='ltr'>illi</span> <span class='ocrx_word' id='word_1_345' title='bbox 283 3278 441 3337; x_wconf 85' lang='lat' dir='ltr'>sententiam</span> <span class='ocrx_word' id='word_1_346' title='bbox 455 3280 555 3345; x_wconf 89' lang='lat' dir='ltr'>dicere,</span> <span class='ocrx_word' id='word_1_347' title='bbox 573 3298 634 3335; x_wconf 90' lang='lat' dir='ltr'>cuni</span> <span class='ocrx_word' id='word_1_348' title='bbox 647 3276 706 3334; x_wconf 84' lang='lat' dir='ltr'>elset</span> <span class='ocrx_word' id='word_1_349' title='bbox 718 3280 803 3353; x_wconf 87' lang='lat' dir='ltr'>eapite</span> <span class='ocrx_word' id='word_1_350' title='bbox 812 3278 972 3337; x_wconf 73' lang='lat' dir='ltr'>diminutus.</span> <span class='ocrx_word' id='word_1_351' title='bbox 1002 3285 1065 3341; x_wconf 86' lang='lat' dir='ltr'>Hoc</span> 
     </span>
     <span class='ocr_line' id='line_1_41' title="bbox 81 3351 1065 3433; baseline 0.002 -18"><span class='ocrx_word' id='word_1_352' title='bbox 81 3352 349 3419; x_wconf 82' lang='lat' dir='ltr'>reelevill&#39;imumest‚</span> <span class='ocrx_word' id='word_1_353' title='bbox 371 3375 401 3413; x_wconf 89' lang='lat' dir='ltr'>ae</span> <span class='ocrx_word' id='word_1_354' title='bbox 413 3359 597 3433; x_wconf 83' lang='lat' dir='ltr'>nugatorium.</span> <span class='ocrx_word' id='word_1_355' title='bbox 617 3354 694 3432; x_wconf 78' lang='lat' dir='ltr'>Qiid</span> <span class='ocrx_word' id='word_1_356' title='bbox 708 3355 783 3411; x_wconf 83' lang='lat' dir='ltr'>enirn</span> <span class='ocrx_word' id='word_1_357' title='bbox 797 3351 816 3410; x_wconf 85' lang='lat' dir='ltr'>li</span> <span class='ocrx_word' id='word_1_358' title='bbox 829 3360 939 3412; x_wconf 87' lang='lat' dir='ltr'>Senatus</span> <span class='ocrx_word' id='word_1_359' title='bbox 951 3357 990 3415; x_wconf 88' lang='lat' dir='ltr'>illi</span> <span class='ocrx_word' id='word_1_360' title='bbox 1003 3356 1065 3417; x_wconf 84' lang='lat' dir='ltr'>fecit</span> 
     </span>
     <span class='ocr_line' id='line_1_42' title="bbox 80 3430 1066 3513; baseline 0 -22"><span class='ocrx_word' id='word_1_361' title='bbox 80 3452 167 3491; x_wconf 80' lang='lat' dir='ltr'>aeram</span> <span class='ocrx_word' id='word_1_362' title='bbox 178 3433 285 3490; x_wconf 84' lang='lat' dir='ltr'>dicendi</span> <span class='ocrx_word' id='word_1_363' title='bbox 298 3430 453 3507; x_wconf 86' lang='lat' dir='ltr'>potestatem</span> <span class='ocrx_word' id='word_1_364' title='bbox 468 3471 476 3496; x_wconf 90' lang='lat'>‚</span> <span class='ocrx_word' id='word_1_365' title='bbox 504 3451 540 3488; x_wconf 90' lang='lat' dir='ltr'>au</span> <span class='ocrx_word' id='word_1_366' title='bbox 554 3450 610 3487; x_wconf 90' lang='lat' dir='ltr'>uon</span> <span class='ocrx_word' id='word_1_367' title='bbox 622 3448 743 3508; x_wconf 87' lang='lat' dir='ltr'>poterant</span> <span class='ocrx_word' id='word_1_368' title='bbox 755 3448 818 3485; x_wconf 91' lang='lat' dir='ltr'>eum</span> <span class='ocrx_word' id='word_1_369' title='bbox 830 3434 951 3488; x_wconf 86' lang='lat' dir='ltr'>Romani</span> <span class='ocrx_word' id='word_1_370' title='bbox 963 3434 1066 3513; x_wconf 77' lang='lat' dir='ltr'>legibue</span> 
     </span>
     <span class='ocr_line' id='line_1_43' title="bbox 80 3504 1067 3585; baseline 0.008 -23"><span class='ocrx_word' id='word_1_371' title='bbox 80 3510 173 3569; x_wconf 74' lang='lat' dir='ltr'>diere?</span> <span class='ocrx_word' id='word_1_372' title='bbox 196 3514 231 3565; x_wconf 81' lang='lat' dir='ltr'>ht</span> <span class='ocrx_word' id='word_1_373' title='bbox 243 3508 407 3567; x_wconf 85' lang='lat' dir='ltr'>secitcontra</span> <span class='ocrx_word' id='word_1_374' title='bbox 419 3506 500 3565; x_wconf 86' lang='lat' dir='ltr'>iidem</span> <span class='ocrx_word' id='word_1_375' title='bbox 515 3506 617 3564; x_wconf 89' lang='lat' dir='ltr'>datam.</span> <span class='ocrx_word' id='word_1_376' title='bbox 655 3505 733 3583; x_wconf 80' lang='lat' dir='ltr'>Qiid</span> <span class='ocrx_word' id='word_1_377' title='bbox 747 3506 784 3560; x_wconf 89' lang='lat' dir='ltr'>ita</span> <span class='ocrx_word' id='word_1_378' title='bbox 796 3504 902 3581; x_wconf 75' lang='lat' dir='ltr'>quaeso?</span> <span class='ocrx_word' id='word_1_379' title='bbox 923 3511 1067 3585; x_wconf 78' lang='lat' dir='ltr'>Quoniam</span> 
     </span>
     <span class='ocr_line' id='line_1_44' title="bbox 80 3578 1068 3659; baseline 0.004 -18"><span class='ocrx_word' id='word_1_380' title='bbox 80 3584 242 3648; x_wconf 64' lang='lat' dir='ltr'>natusest,</span> <span class='ocrx_word' id='word_1_381' title='bbox 264 3604 296 3641; x_wconf 92' lang='lat' dir='ltr'>ne</span> <span class='ocrx_word' id='word_1_382' title='bbox 307 3586 335 3642; x_wconf 92' lang='lat' dir='ltr'>id</span> <span class='ocrx_word' id='word_1_383' title='bbox 349 3578 437 3648; x_wconf 84' lang='lat' dir='ltr'>fieret,</span> <span class='ocrx_word' id='word_1_384' title='bbox 456 3588 529 3653; x_wconf 83' lang='lat' dir='ltr'>cujus</span> <span class='ocrx_word' id='word_1_385' title='bbox 540 3580 616 3640; x_wconf 83' lang='lat' dir='ltr'>causa</span> <span class='ocrx_word' id='word_1_386' title='bbox 627 3582 729 3659; x_wconf 87' lang='lat' dir='ltr'>legatus</span> <span class='ocrx_word' id='word_1_387' title='bbox 738 3581 888 3639; x_wconf 81' lang='lat' dir='ltr'>advenerat.</span> <span class='ocrx_word' id='word_1_388' title='bbox 907 3586 955 3641; x_wconf 88' lang='lat' dir='ltr'>Sed</span> <span class='ocrx_word' id='word_1_389' title='bbox 964 3588 1006 3643; x_wconf 92' lang='lat' dir='ltr'>dic</span> <span class='ocrx_word' id='word_1_390' title='bbox 1015 3592 1068 3647; x_wconf 84' lang='lat' dir='ltr'>mi·</span> 
     </span>
     <span class='ocr_line' id='line_1_45' title="bbox 80 3656 1068 3737; baseline 0.002 -18"><span class='ocrx_word' id='word_1_391' title='bbox 80 3664 105 3725; x_wconf 87' lang='lat' dir='ltr'>i,</span> <span class='ocrx_word' id='word_1_392' title='bbox 124 3659 248 3737; x_wconf 89' lang='lat' dir='ltr'>uunquid</span> <span class='ocrx_word' id='word_1_393' title='bbox 258 3662 358 3733; x_wconf 82' lang='lat' dir='ltr'>juratus</span> <span class='ocrx_word' id='word_1_394' title='bbox 369 3658 423 3725; x_wconf 83' lang='lat' dir='ltr'>est,</span> <span class='ocrx_word' id='word_1_395' title='bbox 444 3659 609 3719; x_wconf 84' lang='lat' dir='ltr'>seRomanis</span> <span class='ocrx_word' id='word_1_396' title='bbox 624 3656 778 3721; x_wconf 86' lang='lat' dir='ltr'>suasurum,</span> <span class='ocrx_word' id='word_1_397' title='bbox 798 3677 825 3716; x_wconf 92' lang='lat' dir='ltr'>ut</span> <span class='ocrx_word' id='word_1_398' title='bbox 839 3678 930 3735; x_wconf 87' lang='lat' dir='ltr'>pacetu</span> <span class='ocrx_word' id='word_1_399' title='bbox 942 3660 1068 3728; x_wconf 79' lang='lat' dir='ltr'>facerent.</span> 
     </span>
     <span class='ocr_line' id='line_1_46' title="bbox 80 3733 1070 3817; baseline -0.001 -20"><span class='ocrx_word' id='word_1_400' title='bbox 80 3740 229 3815; x_wconf 76' lang='lat' dir='ltr'>utcaptiiae</span> <span class='ocrx_word' id='word_1_401' title='bbox 241 3747 442 3817; x_wconf 70' lang='lat' dir='ltr'>permutarent?</span> <span class='ocrx_word' id='word_1_402' title='bbox 463 3740 547 3815; x_wconf 77' lang='lat' dir='ltr'>Atqui</span> <span class='ocrx_word' id='word_1_403' title='bbox 559 3734 692 3811; x_wconf 83' lang='lat' dir='ltr'>nusquam</span> <span class='ocrx_word' id='word_1_404' title='bbox 707 3733 760 3793; x_wconf 88' lang='lat' dir='ltr'>hoc</span> <span class='ocrx_word' id='word_1_405' title='bbox 772 3737 916 3813; x_wconf 86' lang='lat' dir='ltr'>reperitur:</span> <span class='ocrx_word' id='word_1_406' title='bbox 935 3757 993 3799; x_wconf 85' lang='lat' dir='ltr'>tion</span> <span class='ocrx_word' id='word_1_407' title='bbox 1006 3738 1070 3797; x_wconf 82' lang='lat' dir='ltr'>secie</span> 
     </span>
    </p>
   </div>
   <div class='ocr_carea' id='block_1_4' title="bbox 1019 3817 1074 3892">
    <p class='ocr_par' dir='ltr' id='par_1_4' title="bbox 1019 3817 1074 3892">
     <span class='ocr_line' id='line_1_47' title="bbox 1019 3817 1074 3892; baseline 0.073 -21"><span class='ocrx_word' id='word_1_408' title='bbox 1019 3817 1074 3892; x_wconf 77' lang='lat' dir='ltr'>igi·</span> 
     </span>
    </p>
   </div>
   <div class='ocr_carea' id='block_1_5' title="bbox 0 0 1256 4500">
    <p class='ocr_par' dir='ltr' id='par_1_5' title="bbox 0 0 1256 4500">
     <span class='ocr_line' id='line_1_48' title="bbox 0 0 1256 4500; baseline 0 0"><span class='ocrx_word' id='word_1_409' title='bbox 0 0 1256 4500; x_wconf 95' lang='lat' dir='ltr'> </span> 
     </span>
    </p>
   </div>
  </div>
 </body>
</html>
