2490 4500
107 246 183 320 282

107 346 153 401 illc
164 336 272 412 quidem
285 340 314 398 in
327 339 461 417 voluptate
474 337 610 399 sumntum
620 342 739 411 bonum,
759 343 801 405 sed
811 348 1099 423 improbatntaboruul·

108 416 238 481 bussere,
259 422 306 493 qui
319 419 389 475 recte
405 417 530 475 sentiunt.
551 438 614 476 uam
633 418 786 497 sivoluptas
798 423 838 481 est
851 424 991 495 summurn
1004 428 1099 493 bonum
1132 454 1137 463 ·

106 496 202 551 omnia
215 491 498 569 illaexquibuseaest,
515 496 662 570 expetenda
676 494 743 554 sunt,
766 506 792 556 δι
806 518 835 557 ut
846 500 925 558 dolor
941 502 972 559 sit
984 502 1102 561 summum

107 572 209 627 malurn
225 565 319 625 necesse
329 572 377 625 est.
415 589 480 647 ergo
491 590 524 625 ex
537 573 633 645 quibus
643 572 720 629 dolor
737 572 784 639 fit,
806 578 867 633 sunt
875 580 971 635 omnia
983 577 1103 657 fugienda.

107 664 134 703 at
147 645 237 703 officia
249 644 414 703 fortitudinis
425 645 517 702 dolore
532 650 577 702 rix
600 666 673 719 arere
683 645 805 725 possunt,
822 672 889 728 ergo
900 655 984 723 virtus
996 654 1104 730 praeslan:

106 720 205 779 trffima
217 719 343 802 fugienda
354 720 403 778 est.
441 742 459 777 ο
471 723 571 797 import
614 722 728 781 issimam
743 725 958 807 philosophiam.
977 748 1004 789 at
1016 750 1048 797 ne
1057 733 1105 805 qnia

34 802 37 809 '
106 799 213 857 l'allatnr
226 798 309 855 Arist.
322 801 350 854 in
363 796 457 855 ethicis
471 799 498 853 in
513 818 546 854 eo
562 796 719 855 senteutiam
734 802 841 861 Eudoxi
862 808 980 881 probat,
1003 804 1106 884 quodid

105 875 226 943 bonore,
247 882 273 933 δι
287 876 454 931 ueneratione
465 873 579 952 dignum
595 869 645 931 els'c
660 878 769 950 potius,
794 898 876 952 quam
893 881 971 949 laude
988 919 996 949 ‚
1022 880 1106 939 censuit

107 951 255 1015 Eudoxus,
276 952 348 1028 quud
361 949 497 1007 summum
510 948 677 1007 essebonum
690 951 827 1013 statuebat.
868 976 934 1013 nam
948 976 1037 1014 utrum
1051 959 1106 1014 reslt

106 1025 194 1085 idelse
208 1028 370 1101 voluptatem
386 1024 504 1084 statuerit
519 1045 614 1089 necne,
635 1028 671 1082 ibi
688 1032 882 1105 nonexplicat.
913 1033 1107 1091 indecituore·
1137 1028 1141 1041 '

107 1123 140 1160 ro
152 1103 257 1178 prorsus
269 1123 358 1182 negat.
379 1101 423 1160 sed
436 1120 619 1179 percurramus
635 1106 689 1175 jam
704 1104 769 1169 quid
783 1106 1008 1185 pbilosophorum
1025 1110 1108 1191 priuci-

107 1198 152 1254 pes
164 1180 196 1236 de
208 1180 342 1256 voluptate
355 1179 479 1237 sentianr.
499 1197 554 1235 non
566 1177 679 1258 dubium
693 1178 749 1244 est,
772 1198 801 1237 ut
810 1182 843 1237 dc
856 1180 1105 1251 uirtutibuseonllat,

107 1257 174 1332 quin
186 1256 353 1329 voluptatum
368 1255 490 1329 quadani
508 1254 558 1310 sint
574 1255 720 1321 naturales,
741 1256 862 1333 quadam
879 1258 1106 1327 verorasciscantur,

107 1347 136 1388 ut
147 1336 219 1388 enim
235 1351 251 1387 a
264 1352 357 1388 natura
370 1334 431 1388 data
443 1333 520 1387 nobis
530 1327 568 1384 est
579 1330 701 1402 quaedam
717 1329 841 1399 facultas,
862 1336 1056 1411 &aptitudoad
1065 1340 1107 1390 rir-

52 1472 57 1481 ,
106 1426 175 1464 tutes
188 1406 375 1485 acquirendas,
397 1406 450 1462 stne
462 1426 515 1481 qua
528 1402 623 1461 frustra
636 1407 837 1483 laboraremus,
864 1418 890 1467 δι
906 1410 979 1485 nihil
991 1406 1090 1470 invitas
1097 1442 1107 1455 ·

105 1502 241 1548 ceremus,
263 1480 580 1539 diceremusvetniuerra.
601 1482 928 1552 itadataestinsensrbus,
945 1488 974 1544 'dr
987 1490 1016 1544 in
1030 1490 1107 1544 anino

106 1562 147 1614 vis
157 1558 280 1633 qttaedam
292 1558 421 1614 naturalis
437 1597 445 1619 ,
466 1578 519 1631 qua
533 1559 679 1631 voluptates
692 1562 829 1634 capiamus
845 1599 854 1625 ,
881 1581 943 1635 qua:
958 1583 999 1620 res
1012 1561 1105 1640 palbn,

107 1642 135 1691 dc
149 1635 182 1691 ab
194 1634 321 1688 omnibus
334 1632 522 1691 confirmatur.
543 1632 612 1695 unde
628 1632 646 1690 st
663 1652 756 1691 natura
771 1637 875 1714 respuat
890 1639 1067 1715 voluptatem,
1082 1654 1106 1695 ra

107 1730 190 1767 nemo
202 1708 325 1765 deledlari
340 1712 448 1781 poterit.
469 1710 570 1782 capitur
584 1710 666 1785 igitur
682 1712 804 1784 voluptas
820 1732 890 1769 nunc
902 1734 1031 1793 corpore,
1051 1732 1107 1771 nuuc

108 1788 221 1841 auimo:
241 1805 352 1859 corpore
365 1786 475 1861 quidem
490 1806 550 1845 cuin
565 1803 655 1841 motus
668 1786 802 1857 eujusdam
818 1786 968 1853 suavitate,
995 1798 1020 1848 δι
1033 1790 1107 1847 titilla-

108 1866 189 1918 tionis
203 1862 364 1927 iucunditate
374 1860 505 1929 allicitur,
527 1863 622 1917 animo
636 1881 719 1922 veto,
747 1882 809 1919 eum
825 1864 914 1941 aliqua
926 1862 1106 1939 deledlaturspe

109 1939 273 1995 velastione.
295 1938 336 1996 sed
349 1939 388 1995 est
400 1940 467 2010 inter
479 1956 593 2011 quatuor
605 1936 661 1994 illas
673 1936 787 2010 scholas,
810 1959 869 2014 quae
880 1941 1019 2019 quondam
1028 1958 1106 2003 omntc

109 2018 276 2091 viguerunt,
306 2016 394 2089 aliqua
410 2014 442 2069 de
456 2016 611 2087 voluptate,
638 2012 768 2084 dissensio.
808 2013 1104 2087 Aristotelesenimtaut

110 2094 213 2153 animi,
236 2111 317 2165 qnam
330 2090 447 2152 c'orpotis
461 2093 572 2145 nomine
584 2092 724 2145 communi
742 2091 903 2164 voluptaten·
921 2112 1008 2151 vocat.
1039 2110 1104 2169 quan

110 2186 189 2242 negat
201 2162 327 2223 affectum
342 2166 407 2230 ell'e,
429 2174 454 2222 &
472 2184 610 2242 propterea
623 2185 677 2221 non
693 2165 730 2221 est
744 2168 855 2233 latitia,
882 2188 964 2243 quam
981 2171 1010 2227 in
1023 2168 1105 2231 Etlricit

110 2237 467 2300 iurcraffedlusnumeravit.
489 2243 632 2300 Platovcro
646 2242 774 2316 gaudium
791 2244 951 2306 inanimo,
971 2246 1105 2303 &laetitiam

110 2320 268 2391 plerumque
279 2320 382 2372 vocarit
397 2356 405 2380 ,
433 2338 491 2391 quae
504 2337 594 2376 tamen
606 2317 751 2394 aliqnando
766 2318 867 2375 laudari
880 2319 968 2395 pollit.
1007 2320 1106 2396 volupta·

110 2412 166 2448 tctn
182 2413 268 2448 autent
280 2396 306 2448 in
319 2390 431 2449 sensibus
442 2394 590 2452 collocavit.
611 2412 694 2470 aquo
706 2396 786 2450 Stoici
802 2414 857 2451 nun
872 2395 1037 2454 dissentiunt.
1056 2411 1104 2451 uam

111 2488 140 2527 ut
153 2471 180 2524 in
194 2489 287 2545 quana
299 2470 408 2525 Tuscul.
424 2470 510 2527 scribit
523 2473 618 2527 Cicero
631 2492 683 2533 cum
698 2476 798 2527 ratione
809 2487 926 2528 insuetur
937 2472 1106 2548 animusplrti·

111 2552 164 2608 de,
191 2562 269 2620 atque
284 2546 449 2617 cavillanter,
480 2560 531 2601 tum
550 2550 619 2603 illud
630 2585 638 2610 ‚
668 2549 791 2622 gaudium
808 2563 942 2604 tucatur:
971 2570 1023 2605 cunr
1041 2560 1106 2605 aulen

111 2626 244 2686 inaniter,
266 2626 296 2682 ὼ·
308 2622 381 2691 elius?
393 2622 514 2683 exsistat,
547 2637 598 2678 trun
612 2624 661 2679 illa
674 2625 767 2678 latitia
781 2622 886 2696 pessima
901 2662 909 2687 ,
937 2628 968 2686 ub
984 2629 1060 2681 nimia
1069 2623 1107 2677 diri

108 2699 209 2773 potest,
236 2691 475 2774 quani'dijjirriunt‚
496 2698 553 2770 fine
564 2703 666 2756 ratione
676 2702 757 2754 animi
767 2700 912 2755 elationem.
951 2698 1109 2757 verumbanc

113 2776 232 2832 lutitiam
244 2771 454 2830 intlill'erentiam
462 2776 541 2829 Stoici
550 2777 630 2830 etiam
641 2775 803 2849 voluptatem
816 2778 974 2832 nominant.
996 2780 1078 2849 itaque
1086 2776 1109 2829 in

114 2849 477 2925 animoponuntgaudium,
498 2849 569 2923 quod
583 2854 609 2905 in
626 2851 768 2924 sapientem
782 2850 867 2915 cadit,
889 2853 1059 2915 &lautitiam
1077 2847 1110 2906 seu

113 2927 275 3000 voluptatem
290 2967 297 2990 ‚
318 2946 376 3001 quac
392 2930 499 3002 propria
514 2924 553 2980 est
565 2924 723 3003 insipientis.
762 2927 858 3001 inquo
872 2945 976 2984 rantum
991 2948 1006 2983 a
1020 2930 1112 2985 Platone

113 2998 276 3059 dissentiunt.
315 3001 385 3077 quod
404 3002 513 3060 hicnon
528 3021 637 3057 omnem
652 3002 770 3061 laetitiam
789 3004 938 3077 vituperat,
961 3004 999 3060 illi
1013 3001 1113 3060 ueruti-⁸

115 3077 211 3135 tiosam
224 3082 340 3135 omnino
351 3078 477 3143 iudicant.
518 3079 645 3152 Epicurus
656 3097 744 3135 autern
757 3077 887 3154 duplicem
906 3076 993 3154 posuit
1008 3082 1115 3153 volupraz

114 3174 168 3210 tem
184 3193 192 3219 ,
212 3153 325 3211 slantem
341 3155 468 3217 alrctatn,
490 3161 516 3210 δι
530 3154 638 3209 alteram
656 3155 682 3209 in
699 3173 793 3209 motu:
815 3173 893 3231 arque
908 3154 1022 3223 stantem
1037 3154 1115 3231 appel·

117 3232 240 3295 lateam,
261 3251 319 3306 quac
332 3248 364 3285 ex
379 3230 491 3285 saturata
505 3230 663 3302 cupiditate,
685 3248 714 3285 ut
728 3228 767 3285 sti
781 3227 905 3287 restindla
918 3228 962 3286 fit.
989 3234 1017 3287 in
1034 3236 1116 3288 auimo

115 3326 180 3361 vero
193 3307 320 3380 gaudium
334 3306 367 3362 ab
378 3307 452 3360 omni
467 3306 571 3378 prorsus
583 3305 674 3361 dolore
686 3324 789 3362 vacans.
809 3305 881 3381 quod
891 3323 983 3365 tamen
997 3308 1118 3371 latinam,

117 3389 145 3437 &
161 3384 321 3456 voluptatem
339 3383 483 3437 nominant
496 3419 504 3442 ,
535 3400 648 3457 earnque
662 3400 676 3436 a
693 3384 811 3457 corporis
826 3382 961 3458 voluptate
975 3402 1064 3443 ortum
1079 3382 1118 3461 hq

116 3456 176 3512 bere
189 3457 267 3520 dicit,
289 3476 317 3513 ut
329 3457 360 3511 de
372 3456 432 3513 run·
448 3458 601 3513 aCicerone
613 3457 738 3532 scriptum
751 3456 797 3513 est.
820 3461 884 3515 Hac
894 3476 984 3516 aurem
997 3480 1059 3517 cum
1069 3476 1119 3514 mo·

116 3549 191 3586 vetur
204 3530 327 3588 suavitate
340 3532 426 3588 sensus
441 3572 448 3593 ‚
476 3539 502 3588 &
515 3532 676 3605 jucunditate
690 3531 790 3590 afficit:
818 3552 846 3589 ur
859 3535 887 3590 in
902 3534 1037 3600 bibendo,
1056 3531 1119 3611 quod

118 3610 147 3665 in
162 3607 274 3662 sccnndo
288 3612 318 3662 de
328 3610 386 3663 Pin.
395 3608 551 3682 explicatur.
573 3609 670 3687 gaudet
681 3611 761 3685 igitur
776 3612 904 3686 Epicurus
915 3609 932 3677 fi
945 3614 1051 3689 corpe-ri
1063 3614 1121 3669 b'cne

119 3684 160 3741 lie.
191 3683 283 3755 reliqui
300 3683 390 3739 veros
405 3687 469 3740 bene
483 3685 648 3763 intelligant,
672 3692 697 3741 δι
715 3685 823 3743 liuueslc
837 3705 928 3763 agant.
947 3708 1029 3765 atque
1039 3691 1075 3744 ita
1088 3690 1123 3743 di·

119 3758 243 3839 {lingunt
255 3759 401 3837 vuluptates
415 3797 424 3843 ².
445 3779 473 3829 ιιι
487 3761 550 3831 alias
564 3765 597 3831 ad
612 3780 729 3829 mentem
744 3800 753 3837 ,
781 3762 816 3832 ad
827 3782 925 3852 corpus
938 3765 1005 3833 alias
1018 3763 1127 3839 spesque

179 3848 193 3857 ''
323 3840 327 3851 '
1046 3840 1126 3905 ιςξιιιι.
