2490 4500
79 393 86 430 ι
90 362 199 449 jallr'tle‘
205 384 288 447 gerat
295 348 474 445 'affiqrra'nlam
494 371 525 424 ἐπ’
530 354 639 443 [nodi
650 352 682 422 itt
693 364 734 422 e'rrr'
743 380 848 424 norem
861 266 986 445 suffering

79 451 274 505 urulncr'dunt:
301 445 410 578 diffudi
427 448 492 500 enim
504 444 593 519 studio
614 445 748 517 impediti,
778 463 839 519 quor
854 448 922 501 tueri
935 450 980 502 de·

79 524 200 600 leserunt.
238 522 310 597 ers
341 541 389 579 arrc
400 523 536 577 Ciceronis
547 519 701 577 sententiaro
716 538 770 574 non
782 520 851 576 videt
862 516 910 579 elle
923 517 982 578 san-

87 609 115 658 &
133 598 285 675 religiosam
299 609 309 653 t
331 601 405 655 Narn
420 600 480 672 quis
492 596 625 669 injustitiae
637 612 737 653 nornen
748 593 866 671 effugere
877 598 982 674 potesta

79 696 150 755 spere
163 674 255 733 studiis
272 674 323 730 suis
335 674 437 729 deditus
449 671 527 729 luerit
546 711 554 736 ‚
582 691 610 729 ut
627 674 750 734 amicos,
780 691 914 746 parentes,
934 693 981 751 pa·

79 753 183 810 leserat?
204 752 598 808 Norrdamnanruracnerone
610 746 781 821 Philosophi,
801 748 982 824 quoddiscen-

79 834 110 886 ,io
123 828 175 885 fint
189 825 311 901 impediti
325 864 334 890 ,
355 829 453 901 quippe
465 828 511 902 qui
526 822 703 900 Philosophia:
715 822 833 880 studium
849 825 939 883 multis
951 828 986 884 nr

79 905 159 962 lirinis
173 922 254 980 prope
267 901 388 959 laudibus
399 898 505 965 efferat,
525 907 550 957 &
562 913 624 956 curn
642 902 750 957 Platone
761 896 886 965 sentient,
908 904 985 958 Deo·'

79 982 256 1038 nmortalrurn
270 992 367 1035 munus
377 976 427 1033 ell'e
439 975 563 1034 affirmet.
583 976 631 1033 Sed
645 979 665 1032 ii
680 977 809 1046 majorem
823 980 853 1034 in
867 978 984 1035 modunl
1069 1045 1074 1054 ⁵

79 1058 149 1113 andi
163 1058 243 1118 lunt,
265 1057 312 1127 qui
326 1053 442 1111 studium
458 1053 534 1110 suum
547 1051 672 1110 humane,
682 1050 797 1109 societati
808 1071 983 1129 preponunt,

81 1152 126 1191 ere
145 1134 234 1207 potius
251 1132 365 1194 volunt,
390 1148 472 1206 quarn
487 1130 520 1185 ab
536 1130 568 1186 iis
582 1127 733 1205 propulsare
747 1131 894 1201 injurtam,
919 1134 985 1187 cum*

79 1228 101 1274 t,
122 1229 138 1265 a
154 1209 251 1284 quibus
261 1207 366 1262 debent.
406 1208 478 1262 Licet
486 1208 562 1261 enirn·
573 1207 627 1261 veri
641 1206 762 1281 cognitio
774 1209 894 1263 maxlrrr'e
906 1224 984 1264 natu·

81 1288 170 1362 tingat
184 1282 353 1344 humanam,
381 1288 408 1338 δι
426 1284 500 1357 quod
518 1284 545 1336 irr
560 1282 635 1338 rebus
649 1278 766 1338 honestis
785 1289 812 1338 δι
828 1284 989 1359 cognitione¹

82 1380 169 1437 operae
182 1377 301 1433 curatque
313 1360 436 1434 ponlrur,
458 1359 485 1413 id
499 1360 554 1430 jure
566 1358 683 1415 laudetur
696 1379 704 1412 ι
723 1376 813 1414 tameo
827 1362 883 1430 ejus
895 1357 990 1416 studio'

79 1435 222 1516 rgerendis
235 1435 350 1495 abduci,
373 1445 465 1489 contra
480 1431 599 1491 officium
616 1431 670 1493 est..
703 1433 780 1510 Quid
796 1444 884 1515 ergo?
911 1435 990 1495 dabit

80 1534 91 1568 ι
104 1530 217 1587 operam
230 1507 323 1567 studiis
337 1507 388 1567 suis
399 1512 440 1566 rir
454 1509 569 1584 lapienr:
589 1509 698 1566 sedeunt
707 1511 852 1587 intelligat,
874 1511 945 1569 nulla
957 1516 989 1570 ιε’

79 1608 105 1645 ις
119 1588 243 1644 homines
254 1586 287 1641 ad
301 1585 511 1649 Deosaceedere‚
531 1604 614 1662 quam
628 1584 707 1643 salute
719 1583 874 1646 lrornirribus
886 1588 991 1656 danda,¹

79 1683 122 1720 am
139 1681 313 1719 communem
333 1664 473 1717 utilitatem
487 1679 660 1725 contemnet,¹
686 1661 797 1729 sederit
816 1665 844 1719 irr
861 1676 988 1742 perpetua

80 1762 100 1796 n
114 1738 228 1795 statione
244 1777 252 1802 ,
279 1756 309 1794 ut
328 1737 403 1795 fimul
424 1756 501 1814 atque
518 1738 613 1795 viderit
628 1756 707 1813 opera
721 1735 765 1794 sua
779 1741 915 1814 patriam,
941 1742 989 1799 ιιιιιΙ

80 1838 85 1871 r
98 1815 218 1893 indigere
233 1852 251 1880 ,,
266 1811 355 1871 starirn
369 1813 402 1869 acl
414 1810 550 1868 ferendum
563 1814 710 1874 auxillum,
732 1833 786 1869 non
798 1817 921 1881 coastus,
943 1816 989 1875 secl

91 1892 137 1950 sna
151 1893 250 1946 veniat.
281 1890 330 1945 hoc
343 1888 397 1952 cll,
419 1889 490 1964 quod
504 1892 601 1946 merito
609 1887 777 1964 reprehendit
791 1892 903 1954 Cicero,
915 1888 991 1965 fiad

80 1972 102 2027 l.
122 1989 154 2023 rte
175 1971 272 2040 quidem
292 1964 408 2040 der-efflari
417 1966 472 2038 fint
492 1963 653 2038 Philosophi,
686 1968 731 2033 lut
747 1982 821 2038 purat
834 1967 921 2036 Plato)
941 1968 991 2044 nist

94 2047 277 2117 AEqrriusenr'm
298 2045 406 2117 linquit)
425 2055 497 2101 erat,
517 2042 763 2114 idvtlunlalefieri.
784 2043 991 2119 Narthecipfirnd

80 2119 173 2196 'unrefl
189 2155 197 2182 ,
221 2124 289 2193 quod
304 2119 427 2191 reslestt,
440 2117 469 2189 ſs
479 2115 513 2185 ess
525 2117 710 2171 voluntarium.
748 2117 797 2171 Tu'
808 2134 870 2172 vero
880 2120 992 2177 citeros

80 2193 166 2252 etulas
182 2232 190 2257 ,
210 2195 283 2267 quod
304 2198 341 2264 [ut
356 2196 410 2268 ipse
422 2193 549 2267 loqueris}
567 2193 595 2247 in
612 2192 727 2248 Platonis
741 2189 896 2251 sententiam
909 2208 989 2275 argui

103 2269 194 2344 aisque
206 2269 309 2327 dicrum
322 2266 370 2327 elle
385 2288 400 2325 a
417 2269 543 2332 Platone,
576 2271 628 2324 Nec
640 2270 729 2324 delere
745 2269 921 2344 Philosophor',
947 2284 992 2335 nee

80 2352 113 2425 tgr·
128 2352 165 2401 ad
178 2349 281 2419 ller‘pul.
291 2349 501 2423 gubernationem
515 2370 523 2399 .·
540 2343 593 2420 sed
601 2344 698 2417 eosfili
712 2343 760 2414 sua
772 2334 991 2417 [inurebantur.

80 2446 116 2481 em
127 2422 304 2496 impofiruror,
332 2436 360 2478 ut
373 2441 448 2496 quum
461 2428 552 2495 tempas
551 2419 728 2550 postulaverit
741 2458 749 2483 ,
773 2422 890 2497 Ronpul.
906 2426 991 2501 capell

80 2499 122 2555 led
136 2498 181 2554 dic
193 2499 278 2562 niilri,
297 2498 358 2564 ubi,
377 2516 421 2553 aut
433 2496 540 2574 quando
571 2497 621 2551 ixit
637 2495 689 2552 hec
705 2498 797 2553 Plato?
817 2498 941 2572 equidem
949 2504 990 2558 rri-¹

80 2576 206 2632 triburin
221 2575 284 2630 locis
298 2573 365 2630 lianc
376 2569 450 2629 fuille
459 2572 753 2636 Platonisstrrtentianr,
775 2573 993 2650 Philosophum

80 2655 105 2708 l.
127 2672 177 2705 non
198 2646 241 2724 ff
256 2649 425 2724 ascellarum,
454 2648 503 2721 effi
513 2650 600 2702 mullis
613 2651 726 2723 precibus
742 2663 866 2724 rogatus,
891 2664 990 2729 acpene'

80 2752 83 2760 ·
92 2726 191 2806 suerit.
233 2729 324 2799 ltaque
334 2724 366 2782 de
376 2725 485 2801 -Rtprrb.
498 2723 566 2780 libro
578 2723 691 2797 septimo
706 2761 714 2788 ,
743 2724 807 2780 dicit
818 2722 862 2800 effe
875 2731 992 2802 cogendos

80 2806 164 2879 phos,
185 2817 214 2856 ιιι
229 2804 331 2871 Reipnb.
343 2792 589 2870 adrninlllratr'onem
596 2798 740 2874 suscipiant
753 2820 761 2854 ι
786 2800 860 2875 quotl
871 2810 922 2867 rtr',
949 2806 991 2862 ri·

92 2880 208 2935 Platonis
224 2875 370 2941 studiosus,
392 2895 471 2953 negas
485 2893 603 2950 unquam
616 2877 650 2930 ab
666 2895 698 2930 eo
715 2876 818 2931 dissum
833 2874 917 2935 fuille.
941 2878 992 2938 stu

81 2956 296 3030 laconrparatio,
315 2972 396 3027 quam
410 2972 443 3007 er
456 2953 552 3025 quinto
564 2950 597 3006 de
608 2950 712 3026 Repub.
730 2952 845 3008 Platonis
859 2954 927 3010 libro
941 2975 993 3013 no-

80 3032 152 3088 lucis
167 3068 175 3093 ,
199 3048 288 3086 nonne
298 3047 385 3105 aperte
396 3046 489 3084 contra
500 3027 656 3082 sententiaro
671 3046 744 3083 tuam
757 3026 830 3083 facit.
869 3032 905 3087 Vt
915 3035 992 3091 eninr

81 3106 206 3163 lmurrus
221 3122 358 3161 nautarum
376 3142 384 3167 ‚
409 3104 654 3180 &gubernatorum
668 3142 676 3165 ‚
697 3123 742 3160 eos
757 3121 867 3181 rogare,
887 3109 937 3182 qu'r
947 3128 995 3166 rra.

81 3200 168 3246 rntur,
191 3199 219 3237 ut
232 3180 257 3237 se
269 3181 329 3236 velri
347 3179 432 3236 linanr
445 3199 452 3234 ι
479 3176 521 3234 sed
536 3197 629 3234 eorurn
644 3181 753 3252 potius,
780 3182 827 3253 qui
843 3181 994 3255 vehuntur,-

99 3277 129 3316 ιιι
143 3259 347 3335 gubernatores,
369 3264 396 3311 δι
410 3273 495 3310 nautae
508 3273 603 3310 eorum
616 3274 707 3311 curam
721 3252 861 3329 suscipiant
875 3295 883 3321 ,
915 3277 995 3339 atque

81 3353 136 3390 rum
150 3333 309 3409 perveharrt:
331 3334 386 3407 pari
399 3332 515 3395 ratione,
537 3350 623 3407 neque
636 3330 858 3405 Philosophorum
870 3335 993 3406 interest,-

80 3429 127 3466 ent
139 3409 187 3486 ipsr
201 3408 225 3465 se
237 3410 270 3465 ad
284 3407 415 3483 publicant
429 3405 708 3463 administrationem?
729 3404 937 3484 sedutrogentur
945 3434 996 3493 po.

81 3505 107 3543 ut
119 3490 201 3542 velint
214 3483 260 3561 ipsi
277 3486 391 3559 Reipub.
404 3483 508 3538 clivum
521 3479 645 3557 capessere
658 3520 666 3545 ‚
685 3490 711 3540 δι
726 3484 889 3541 laborantem
903 3489 996 3551 civitas

81 3583 103 3620 ra
115 3561 254 3639 prudentia
270 3560 403 3616 sustinere.
424 3562 517 3634 ltaque
532 3557 548 3613 fi
561 3560 721 3633 expes'rarrt‚
740 3576 919 3634 utrogentur,
939 3574 996 3645 quo·

82 3660 109 3695 re
124 3638 227 3694 laborat
243 3633 359 3711 Respub.
378 3654 433 3691 non
449 3633 496 3690 fibi
513 3633 558 3690 sua
574 3633 664 3708 sponte
677 3633 746 3692 lianc
757 3633 930 3698 neceffrta'te'rrt
943 3646 997 3700 int.

83 3734 93 3771 t
106 3752 114 3778 ,
136 3732 219 3791 quarn
235 3711 355 3789 ruptulo
368 3728 429 3767 ante
445 3710 563 3766 Platonis
575 3709 731 3767 sententiam
743 3709 795 3769 ell'e
805 3708 870 3770 falso
880 3720 998 3776 dicebar.-

81 3787 295 3858 ntrallaiPlato,
313 3786 355 3850 rel
364 3804 393 3850 ιιι
406 3786 495 3864 potius
506 3786 626 3849 Platonis
635 3785 775 3857 defensor,
793 3804 883 3853 urruro
894 3790 996 3927 justrpnt

971 3886 999 3937 lt
