2490 4500
104 265 183 344 '180‘

113 377 289 483 imperitia:
314 379 535 473 condemnes‚'
558 379 654 480 quod
672 376 735 454 hos
757 383 821 469 (ut
842 399 882 456 tu
900 383 1063 484 appellas)
1083 389 1119 463 eri

115 506 206 554 rores
228 504 297 552 non
314 480 529 552 adverterint.
555 484 611 552 Te
624 502 706 552 vero
723 502 830 549 unum
846 474 972 555 scilicet
986 488 1119 559 omniun

115 572 448 674 ingeniofissimum,
486 576 522 648 dc
555 570 866 673 perspicaciffimum
908 577 1020 651 credas
1036 608 1063 666 ,·
1076 578 1128 679 qul

117 693 276 769 tanquam
301 671 441 757 lynceus
457 672 594 769 quidam
612 694 650 743 ea
662 669 792 759 videas,
817 695 895 767 quae
917 678 1035 771 caeteri,
1050 702 1120 751 nuu-

117 794 220 865 quam
246 768 361 842 videre
391 788 601 866 potuerunt:
637 785 696 837 aut
727 767 752 836 fi
781 769 892 841 caeteri
914 773 1065 845 nonnihil
1084 797 1120 865 er·

118 866 202 937 roris
232 864 359 936 subesse
388 882 652 962 cognoverunt,
687 886 796 959 neque
830 885 943 939 tamen
972 868 1131 965 itnprobt‘¹¹

119 978 231 1046 runt,
263 980 297 1032 te
325 962 479 1033 omnium
508 952 757 1032 audaciffimum
790 962 988 1056 profitearis.
1043 964 1150 1051 md

119 1074 294 1152 utrunque
323 1057 397 1130 sane
421 1056 457 1127 δε
488 1050 731 1127 vitiofiffimum
757 1057 827 1146 est,
858 1050 894 1130 dc
927 1059 1035 1153 intol
1071 1097 1133 1160 ’¹42

120 1153 320 1252 arrogantiae
381 1152 535 1225 Omnino
559 1149 613 1220 vel
638 1149 760 1246 hujus,
782 1153 836 1225 vel
858 1153 948 1227 illius
972 1155 1052 1245 vitii¹
1147 1175 1160 1210 l·

121 1268 199 1346 pam
214 1246 322 1320 subire
337 1242 396 1321 tibi
414 1244 603 1318 necesseest.
629 1245 756 1320 Vtrum
771 1248 875 1320 mavis
889 1242 988 1349 elige.
1011 1252 1136 1351 Quaq-
1148 1304 1158 1337 a

42 1422 46 1433 A
122 1346 175 1417 vis
199 1367 263 1441 ego
290 1367 322 1416 te
346 1344 382 1414 δι
410 1341 653 1432 accusandum,
682 1343 718 1414 ὃ(
745 1343 975 1417 damnandum
997 1342 1156 1449 οποῇζ

122 1441 262 1511 crimine
298 1439 415 1511 statuo.
464 1437 607 1526 Primo,
637 1433 715 1532 quia
745 1459 867 1512 tantam
903 1435 967 1515 tibi
1000 1440 1133 1531 scientie¹
1148 1446 1157 1516 l

121 1534 366 1633 pensualionem
390 1528 544 1621 inducia,
578 1554 617 1606 ut
642 1535 797 1608 omnium
819 1536 949 1633 judicio
971 1560 1066 1613 tuum
1079 1540 1124 1649 ju·

123 1629 252 1702 dicium
289 1648 497 1726 anteponas:
533 1629 625 1724 quod
667 1631 806 1703 summae
845 1634 892 1704 cst
932 1646 1124 1730 arrogantie.
1151 1673 1163 1709 ε

122 1722 279 1813 Deinde,
312 1728 388 1820 quia
410 1725 512 1798 totius
535 1724 737 1822 eloquentiae
764 1747 934 1824 parentem
964 1731 1080 1805 nefane
1094 1752 1124 1803 ac
1140 1768 1156 1814 1

122 1820 363 1920 parricidiose,
398 1819 466 1892 fine
505 1820 599 1892 causa
631 1823 778 1897 laceras:
815 1826 909 1920 quod
940 1826 1124 1905 incredibilia
1138 1851 1163 1916 s

124 1918 172 1989 est
194 1918 348 1993 audaciae.
395 1917 459 1991 Sed
484 1916 553 2011 jam
586 1917 627 1989 ad
651 1917 908 2013 Disquifitiones
935 1945 1010 1997 tuas
1032 1922 1124 1997 venia·
1151 1983 1152 1987 ,

124 2036 228 2105 mus,
261 2013 512 2110 &singulatim
539 2038 656 2086 omnes
686 2007 943 2112 diligentiffime‘
961 2020 1124 2117 perpendi·
1151 2056 1152 2059 ¹

125 2127 226 2198 mus,
257 2130 357 2206 atque
382 2108 629 2191 examinemus,
662 2130 701 2182 ut
728 2132 848 2183 notum
879 2113 938 2187 liat
967 2116 1123 2199 omnibut,

126 2222 229 2301 quarn
260 2204 378 2278 insulse
406 2224 506 2298 atquc
540 2203 644 2276 invita
674 2208 828 2278 Minerva
858 2208 1031 2285 Ciceronis
1082 2234 1124 2283 ro

125 2301 324 2397 pugnatrice
346 2323 384 2370 ac
409 2318 545 2393 patrona
565 2300 719 2374 divinum
746 2302 919 2411 hocopus
947 2309 991 2381 de
1013 2237 1125 2383 Officiis

127 2397 317 2561 carpendo,
349 2397 466 2469 Deum
502 2415 675 2469 oratorum
709 2400 885 2496 impetmae
923 2403 1124 2479 condemnare

127 2508 173 2562 vo
188 2515 284 2566 ueris.
