2490 4500
91 362 377 444 aprivireddereutur,
397 358 605 419 sereversurum.
622 360 699 415 Nam
713 357 731 415 st
743 354 794 413 lroe
804 357 858 431 jam
872 355 958 418 seeum
971 360 1026 439 ipse
1032 260 1108 440 {aa}

90 446 236 525 agitarer,
254 440 373 517 captivos
384 438 460 496 reddi
471 456 527 492 non
540 436 633 493 debere
646 455 653 491 ι
679 456 725 491 cnr
736 432 834 491 frustra
848 434 933 493 homo
947 436 1025 496 senex
1044 458 1106 497 tan·

90 535 140 577 um
149 520 278 579 itineris,
297 510 837 590 supervacuamqueoperamaggreditur?
857 532 903 569 eur
918 512 990 571 hosti
1004 516 1106 574 illudin

90 590 132 673 q'ui
138 613 200 651 non
208 594 261 649 alia
269 593 411 649 eausaeum
421 588 733 658 mittendumjudicavrt,
755 586 804 643 nisr
818 606 846 644 ut
859 590 1107 665 operamdarerad·

90 675 287 741 nitereturque,
313 687 342 725 ut
354 668 451 741 captivi
463 664 644 721 redderentur.
663 668 699 721 At
710 664 829 741 Regulus
839 686 893 721 vron
902 667 986 723 modo
992 688 1022 723 ea
1032 686 1107 745 parre

90 745 194 806 bostem
207 744 294 807 fallit,
311 745 385 820 quod
396 744 429 799 de
442 742 579 799 reddendis
590 742 702 816 captivis
716 740 785 796 rvihil
799 742 869 817 agir:
889 762 974 817 neque
988 744 1106 803 liberum

93 826 239 885 udicium,
262 840 290 877 ut
301 839 348 897 par
358 838 429 884 erat,
451 818 552 875 servarui
566 818 715 894 relinquit:
743 818 787 873 sed
806 816 964 892 ipsecunrra
978 818 1058 877 fidem
1075 838 1108 880 ac

90 897 300 971 revincendum,
325 914 417 953 contra
437 914 543 951 morem
564 896 655 970 putria:
675 911 777 972 {neque
792 894 866 949 enim
886 912 941 950 erat
958 892 1066 953 facultas
1079 898 1107 955 ei

90 974 250 1033 krieeuriam
263 972 369 1029 dicendi
382 975 410 1029 in
419 976 530 1028 Senatu:
552 988 639 1043 neque
650 971 730 1033 civit,
752 987 840 1045 neque
849 974 958 1027 Senator
971 990 1041 1029 erat:
1062 972 1107 1031 sed

90 1045 655 1127 maximaeapitisdiminutitnepercnlfivr.
676 1064 755 1121 arque
768 1046 877 1102 interim
891 1046 955 1104 dum
968 1067 1024 1106 erat
1035 1048 1108 1109 hosii

90 1126 257 1188 obstrietus,
284 1125 356 1181 nulla
371 1142 428 1181 erar
444 1122 500 1200 sper
512 1122 691 1197 consequendi
703 1120 892 1197 postliminii.)
933 1124 979 1181 llle
992 1130 1107 1199 inquam

90 1223 184 1261 eontra
201 1201 272 1259 darae
288 1198 351 1258 fidei
371 1200 565 1257 sacramentum
579 1236 589 1262 ,
616 1218 671 1254 non
685 1198 769 1255 modo
783 1217 839 1253 non
852 1196 941 1256 suadet
952 1198 1109 1259 faciendum

90 1275 166 1359 quod
173 1276 339 1335 suadendum
348 1276 509 1351 susceperat,
528 1274 571 1330 sed
583 1294 714 1343 quarinum
731 1272 816 1349 potest
830 1274 949 1333 lrortntut
965 1296 999 1335 ne
1010 1277 1037 1333 id
1049 1276 1108 1345 fiat,

90 1350 517 1429 eujuseausalegatusadvenerat.
535 1352 613 1421 Quid
626 1348 665 1405 est
677 1350 785 1407 obsecro
799 1354 961 1426 prevaricari
972 1350 1109 1413 srlricuau

90 1432 298 1505 praevaricatur?
319 1428 386 1503 quid
400 1426 482 1487 fidem
496 1426 555 1485 fran
576 1446 617 1482 ere
630 1426 647 1482 st
662 1428 703 1483 hic
716 1424 796 1483 ficiem
807 1426 988 1507 nonsrangit!
1010 1432 1046 1486 At
1062 1450 1111 1506 pa·

90 1509 149 1564 eriae
162 1506 306 1563 utilitatem
327 1506 407 1576 (dicat
423 1505 530 1580 aliquis)
551 1446 604 1561 lde
619 1500 738 1559 hostibus
751 1505 812 1559 daea
826 1506 912 1560 multo
926 1507 1110 1581 antiquiorem

90 1577 199 1639 lralvuit.
223 1584 321 1636 Verum
337 1578 425 1639 hostes
436 1599 491 1636 non
504 1580 624 1635 utilitatis
633 1583 835 1657 patrraegratia,
857 1600 942 1657 neque
958 1600 987 1637 ut
999 1579 1112 1641 suorum

91 1654 228 1716 beneficio
242 1658 399 1720 inserviret,
423 1658 447 1713 ei
459 1658 619 1734 lega:ioncm
635 1658 669 1711 ad
681 1664 806 1713 Senatum
820 1658 1016 1714 demavnlarunt
1030 1682 1037 1715 ε
1066 1656 1112 1717 secl

90 1741 124 1791 ut
136 1752 194 1789 rem
216 1730 470 1820 Carthaginensem
486 1750 660 1809 procuraret,
680 1730 775 1807 eal'qne
788 1752 874 1807 partes
884 1734 984 1796 obiret,
1004 1754 1062 1811 quae
1075 1734 1111 1794 ad

93 1806 178 1867 fidem
193 1811 263 1866 tanti
274 1810 325 1865 virt
340 1829 470 1885 pertinere
482 1808 648 1865 videbantur.
688 1808 837 1881 quidquod
853 1828 937 1885 neque
950 1810 1043 1873 suum,
1064 1830 1113 1867 ne·

93 1893 149 1972 'epu'e
162 1882 272 1943 suornm
288 1886 464 1943 commodum
486 1885 589 1940 videtur
611 1881 671 1939 saris
692 1880 867 1946 intellexiste,
897 1903 980 1960 quum
996 1886 1113 1959 patriam

90 1971 171 2020 taraco
181 1962 256 2023 cive,
276 1960 468 2038 amplrilimnm
481 1960 605 2016 ordinem
618 1978 671 2014 tarn
684 1961 788 2015 eximin
801 1964 945 2022 Senntore,
967 1978 1051 2017 totam
1065 1961 1112 2017 de·

91 2036 751 2114 niquellempubmamfortiimperatoreorbavite
775 2036 1023 2110 Atqnicaprrviilli,
1045 2036 1112 2095 ado·

94 2111 236 2177 lescentes,
255 2114 456 2171 &borridneest
477 2113 532 2188 ipse
544 2112 638 2175 senex,
658 2118 684 2168 &
694 2112 885 2187 propeinntrlis
895 2114 1009 2187 Reipub.
1031 2114 1112 2187 Quo-

98 2190 312 2254 modoinurilir‚
332 2186 712 2266 quitnvrtancihucprutlentiu,
733 2188 933 2263 tanta-pellebar
947 2190 1033 2244 autimi
1046 2208 1114 2245 corr·

97 2262 197 2324 llanria
211 2276 222 2322 Ξ
252 2268 299 2343 qui
313 2284 385 2321 tanta
398 2270 509 2342 partiam
523 2264 651 2322 tlvnritate
662 2264 886 2339 comple-eiciuntur
905 2276 914 2319 ἓ
942 2269 985 2321 Αιι
997 2282 1025 2322 tu
1041 2262 1113 2323 hunc

99 2340 239 2407 inutilem,
261 2342 414 2407 dumvivic,
437 2341 695 2399 exillirntreaudesl
716 2344 759 2397 An
774 2342 877 2397 irrutilet
892 2344 1010 2417 Appius,
1032 2346 1114 2417 qui&

99 2414 340 2479 leuioeonfeilus,
361 2426 387 2475 ot
401 2420 594 2493 capttnocnlis‚
617 2416 748 2490 Pytrlnvm
761 2436 816 2472 non
832 2418 1029 2474 admittendum
1042 2420 1114 2475 intra

97 2493 193 2554 urbem
208 2492 325 2556 censuit,
347 2496 468 2569 praeclara
482 2494 525 2550 illa
539 2496 677 2555 oratione,
697 2490 730 2549 de
743 2512 797 2569 qua
813 2496 936 2549 Erimus:
963 2498 1023 2568 Qu
1040 2498 1116 2553 volis

97 2573 210 2635 heren,
236 2570 304 2626 ree‘le
314 2570 571 2643 qnestvnesvlelavr
583 2571 709 2629 vrnaelme,
724 2574 832 2624 dernemi
839 2568 1003 2643 jejiflexere
1015 2572 1114 2627 ruina?

96 2652 144 2709 'Au
151 2649 241 2704 Caro?
264 2648 312 2721 qui
325 2644 448 2722 suprema
462 2664 642 2721 propexum,
665 2644 730 2699 dum
745 2643 873 2701 securitati
883 2646 1116 2717 pvvlleritatisco‘n·

98 2721 176 2785 sulit,
195 2741 299 2795 arrepta
309 2725 418 2779 recentis
433 2720 478 2779 fici
492 2720 628 2777 oecafione
644 2720 838 2799 Carthaginem
854 2722 994 2777 delendam
1010 2726 1117 2796 persua·

97 2800 143 2857 fir.
164 2817 229 2855 nam
246 2800 368 2874 protinus
382 2801 488 2854 tertium
505 2799 601 2855 bellum
618 2799 746 2853 Punicum
762 2794 959 2877 decretumnest,
979 2798 1118 2871 quodem-

97 2875 134 2933 'de
141 2874 284 2951 Carthago
295 2876 412 2937 interiit,
431 2895 486 2951 qno
498 2893 618 2947 tempore
631 2877 699 2929 Caro
713 2876 766 2941 jam
776 2876 1012 2949 evitaemigrarut.
1036 2877 1119 2949 Quos

98 2959 165 3009 'reru
182 2969 214 3008 ru
234 2949 305 3005 mibi
326 2948 499 3023 adplescenres
518 2960 631 3005 narras?
660 2968 726 3023 qnos
738 2948 818 3005 duces
829 2950 946 3021 objicis?
977 2952 1035 3005 Ceu
1053 2970 1117 3007 vero

100 3026 253 3085 nesciamus
269 3025 419 3103 preclaram
435 3027 508 3083 illam
525 3024 643 3081 Africani
658 3026 833 3089 seutentiam,
855 3028 901 3099 qui
912 3044 996 3081 rmum
1006 3026 1120 3083 senralle

100 3102 325 3163 eivernservare,
355 3121 437 3177 quam
462 3102 562 3158 multus
583 3100 673 3156 hollcs
687 3100 805 3157 occidere
819 3100 999 3175 profitebatur.
1039 3106 1120 3161 Actu

96 3180 174 3237 'mihi
190 3176 286 3253 saepius
297 3173 396 3240 fidem,
415 3179 599 3252 jusjurandum
618 3215 626 3239 ,
647 3171 835 3249 promissorum
850 3172 1027 3233 constantiam
1043 3180 1120 3255 inge·

100 3256 151 3313 ris.
172 3252 248 3331 quali
264 3272 325 3309 veto
336 3272 387 3333 ego
400 3253 521 3311 adversus
536 3252 592 3310 hec
603 3272 658 3308 non
672 3249 765 3329 possim
775 3253 866 3309 uxoris
875 3260 901 3308 ἃ
910 3252 1054 3311 liberorum
1063 3244 1083 3317 ,⁵
1093 3263 1122 3313 δι

101 3333 188 3390 totius
202 3328 314 3386 familie
325 3332 528 3401 amicorumque
540 3329 769 3392 benevolentiam,
790 3348 847 3384 tum
861 3331 942 3385 etiam
956 3332 1046 3403 patriae
1059 3330 1122 3389 cba-

106 3408 232 3471 ritatem,
252 3412 382 3471 &catera
396 3404 616 3463 necessitudinum
630 3408 743 3482 pignora
757 3424 884 3481 regerere.
925 3405 1000 3461 Adde
1020 3410 1123 3465 amoris

105 3484 263 3543 vinculum,
281 3482 455 3559 quoquisque
468 3480 514 3539 sibi
528 3500 627 3537 riaturae
644 3478 774 3536 iustine‘tu
786 3482 942 3538 devincitur.
966 3480 1012 3542 Est
1023 3484 1051 3541 id
1064 3486 1124 3543 line

103 3555 322 3621 tervacissimum,
343 3574 422 3634 atque
435 3558 505 3614 aelle
519 3558 596 3614 nobis
610 3553 775 3631 impressum.
796 3557 880 3632 Quod
895 3576 980 3633 quum
995 3562 1124 3622 omnibus

105 3631 214 3691 instrum
227 3630 276 3689 elle
288 3631 387 3699 debet,
414 3652 472 3691 tum
487 3636 520 3690 iis
537 3635 680 3695 inarime,
709 3634 756 3709 qui
774 3632 806 3689 de
824 3631 944 3691 societate
959 3634 1123 3701 hommum,

106 3710 153 3784 ‘qui
166 3710 200 3766 de
212 3710 290 3767 rebus
303 3710 460 3769 mortalium
476 3708 582 3787 poll‘unt
597 3710 785 3767 benemereti.
805 3729 835 3769 ut
847 3730 879 3765 eo
914 3709 1005 3786 nisque
1017 3714 1125 3787 impen-

112 3790 207 3889 lrorpm
220 3803 313 3855 eptam
326 3782 376 3854 fibi
388 3806 419 3855 ac
430 3784 507 3850 saluti
521 3785 573 3855 sne
585 3786 725 3872 impendat
736 3822 745 3853 ‚
766 3805 821 3865 quo
833 3730 917 3863 potest
924 3788 986 3845 meli
991 3806 1021 3845 us
1027 3807 1125 3861 acpro-

1046 3866 1127 3928 licius
