2490 4500
1047 237 1088 311 18

93 327 268 411 personarunt
281 323 393 392 officie,
410 332 437 384 &
450 322 604 384 sanniones
616 325 732 408 obliget,
753 328 839 386 multo
871 330 957 388 lenine
969 328 1024 397 est,
1044 252 1116 391 mns-

92 406 265 484 coquendus
279 401 448 480 propofitnm
463 406 603 460 Ciceronis
612 404 799 478 compleffltur
810 425 828 461 o
860 410 933 464 cium
949 445 957 472 ,
977 428 1060 486 quarn
1072 409 1116 466 os-

92 481 162 541 ficia.
183 480 240 538 haec
254 479 315 535 snnt
328 480 506 543 verb2Caelii,
526 499 585 556 que
595 482 714 554 primunr
729 480 859 538 nonsatis
873 485 943 540 inter
956 482 980 541 se
992 485 1115 544 ridentur

92 558 250 617 consentire.
272 553 552 632 aliudestenirnquod
567 557 599 611 ad
613 552 754 611 hominem
766 560 886 614 universe
895 566 1024 636 pertinet,
1043 562 1116 621 aliud

92 634 165 713 qnod
173 636 219 712 agi
229 633 422 689 decetinonrni
436 634 612 711 titaegtnerc:
633 631 696 687 iliud
710 634 784 688 enim
797 634 828 688 ad
839 632 951 710 spectem
960 635 1046 714 ipsam
1056 658 1117 715 per-

92 716 179 774 tinet,
198 728 261 783 que
274 726 371 764 omnes
387 708 513 764 homines
525 709 732 782 compleeinur,
760 709 861 766 &facit
879 731 907 770 ur
920 732 1017 769 omncs
1029 733 1116 777 unuin

94 785 156 845 int.
177 802 261 860 atque
274 785 347 840 idern
361 783 400 840 est
414 782 575 848 universale,
596 790 622 839 δι
638 785 765 841 omnibus
778 805 934 844 commune.
963 788 1015 845 hoc
1027 808 1117 850 antem

92 863 126 921 ad
140 859 248 920 diversa
260 878 381 940 genera,
406 867 433 916 δι
444 860 552 917 ditersae
569 858 680 917 fortune
697 897 705 923 ,
732 869 758 917 &
774 862 850 918 sortis
865 864 992 922 homines
1004 863 1117 925 reseren-

93 939 159 997 dnrn
173 935 232 994 est:
253 955 283 992 ιιι
293 934 327 992 ad
338 938 468 1010 privatos,
493 936 526 992 ad
539 935 726 1014 magistratus,
746 937 779 992 ad
791 941 828 992 im
850 958 977 1004 eratores,
995 940 1029 997 ad
1043 944 1118 1000 sena·

94 1032 167 1073 tores
182 1051 191 1076 ,
210 1020 239 1069 δι
254 1010 289 1068 td
303 1012 389 1075 anos,
418 1031 536 1088 qnorum
553 1013 679 1068 omnium
692 1013 793 1069 diversa
806 958 848 1070 esi
857 1018 917 1072 vitre
931 1020 1018 1080 ratio,
1038 1026 1064 1075 dt
1077 1020 1119 1076 di.

95 1084 491 1149 versasntosficianecesseest.
512 1088 545 1144 de
558 1088 655 1163 quibus
666 1090 694 1143 in
710 1089 750 1144 hir
764 1091 839 1146 libris
855 1094 1119 1153 M.Tuiliustradia-

95 1172 145 1225 rit.
166 1165 243 1244 qnod
256 1163 274 1220 h
289 1182 393 1220 tantum
408 1183 468 1241 quae
480 1164 513 1221 ad
528 1183 623 1220 omnes
637 1162 780 1229 homines,
800 1184 829 1221 ut
840 1168 882 1223 ille
894 1165 995 1234 scribit,
1018 1171 1050 1226 ad
1058 1175 1120 1229 uui·

96 1241 204 1300 vetsum
255 1260 307 1296 nus
319 1239 464 1297 hominurn
480 1242 627 1316 pertinent,
649 1241 902 1306 traciarevoluisset,
924 1246 1120 1305 resiiusomni-

99 1339 137 1376 rro
148 1320 183 1376 de
194 1260 308 1381 edicio,
328 1335 411 1392 quarn
424 1317 456 1373 de
468 1314 567 1373 officiis
582 1312 746 1390 inscripsisset
757 1318 839 1374 libros
853 1319 923 1378 suos.
946 1341 1007 1378 curn
1026 1340 1119 1382 autem

137 1396 266 1457 recines,
294 1412 353 1469 quae
367 1395 523 1471 peregrini,
552 1411 663 1468 qnaequc
677 1392 842 1450 diversorum
856 1393 906 1453 sint
917 1394 1030 1462 officia,
1055 1401 1119 1457 velit

101 1414 228 1535 itinere,
252 1488 308 1525 non
320 1471 398 1526 video
409 1488 470 1526 cum
486 1467 537 1525 sint
550 1484 606 1524 tam
619 1466 769 1533 dissimilia,
792 1479 817 1527 δι
826 1472 857 1527 ad
867 1471 992 1530 homines
1000 1473 1118 1550 spedent

103 1547 167 1604 ideo
176 1544 331 1610 dissimiles,
350 1565 405 1619 quo
419 1545 502 1600 modo
516 1545 619 1621 plenior
632 1544 661 1599 sit
673 1542 809 1621 inscriptio
822 1548 853 1603 de
865 1546 974 1614 officio,
994 1552 1120 1627 quamde

91 1621 217 1689 ,officii53
239 1641 303 1679 narn
315 1621 388 1697 quod
401 1621 434 1677 ad
448 1622 598 1696 aliquarum
616 1619 789 1693 personarum
801 1622 892 1681 officia
905 1624 929 1681 se
939 1645 993 1682 non
1003 1624 1121 1684 obstrin-

138 1719 164 1764 ι,
182 1696 269 1756 sateor
284 1735 293 1761 ,
315 1717 370 1754 non
385 1700 459 1752 enirn
472 1697 505 1753 de
522 1699 635 1753 Catonis
648 1695 740 1753 offitio
756 1736 764 1760 ,
790 1718 835 1755 ant
848 1702 921 1758 Laelii
934 1700 1044 1758 scribere
1055 1724 1122 1760 con-

104 1716 206 1840 hiron,
228 1794 321 1831 terum
331 1773 477 1836 serratoris,
499 1770 1034 1842 &hominumvariarumconditionum,
1054 1799 1121 1853 que-

105 1872 164 1911 ιιιιιι
178 1871 236 1908 non
249 1851 333 1907 iidem
348 1848 454 1926 possurit
465 1847 513 1904 esse
521 1848 618 1924 gradus
627 1846 796 1906 osficiorum:
819 1870 877 1925 quae
891 1873 952 1907 eum
965 1871 1020 1908 tam
1036 1856 1122 1916 multa

105 1926 169 1993 fine,
188 1935 217 1986 dt
236 1945 292 1983 tarn
307 1930 394 1989 varia,
414 1943 442 1981 ut
455 1929 527 2000 qnod
543 1927 589 1980 nni
601 1928 691 2001 generi
704 1929 863 1990 conveniat,
884 1930 917 1984 ab
926 1929 1007 1985 altero
1015 1928 1123 2003 prorsus

105 2003 246 2063 abhorreat
263 2041 272 2066 ,
299 2022 354 2058 nno
371 2020 460 2057 tamen
480 2003 594 2057 traciam
606 2003 697 2056 volens
711 2005 806 2058 omnia
819 2004 984 2077 eompled'ri,
1015 2006 1047 2061 de
1059 2005 1122 2064 offi-

105 2084 153 2139 tiis
165 2081 263 2136 maluit
275 2077 351 2135 suurn
364 2097 432 2153 opus
447 2076 602 2138 inscribere,
623 2096 705 2151 quini
716 2078 748 2133 de
756 2075 860 2134 officio.
881 2088 907 2135 dt
922 2084 975 2135 iraec
986 2078 1024 2135 est
1038 2101 1068 2138 ea
1079 2102 1121 2139 ra-

105 2159 166 2221 tio,
194 2152 334 2218 nifalior,
362 2168 442 2228 quarn
460 2157 548 2209 Attico
563 2152 672 2208 scribere
690 2172 818 2224 tanquam
835 2153 998 2212 notissimam
1014 2157 1120 2215 omisit:

105 2224 178 2297 noir,
199 2250 231 2289 nt
243 2231 341 2289 Caelius
351 2229 505 2293 existimat,
526 2248 555 2285 ut
567 2248 627 2284 curn
646 2232 763 2286 Panaerio
780 2230 875 2287 bellum
889 2249 999 2307 gereret.
1016 2298 1020 2305 ‚
1038 2252 1120 2308 quern

124 2309 217 2366 uidem
225 2325 329 2364 tanturn
338 2305 425 2369 abest,
448 2325 475 2363 ut
487 2322 641 2382 oppugnet,
661 2325 688 2359 ut
699 2308 780 2361 eriam
796 2305 863 2379 saepe
874 2305 1012 2373 defendat,
1031 2312 1122 2368 &itu-

123 2404 147 2443 ιι
163 2423 172 2448 ,
200 2402 231 2440 nt
245 2386 274 2439 in
287 2385 365 2438 tertio
379 2379 452 2437 offic.
467 2383 511 2437 ubi
528 2381 560 2437 sic
572 2385 608 2436 ai:
624 2402 629 2436 :
656 2388 697 2434 Ae
712 2387 821 2454 primunr
835 2387 963 2439 Panaerius
974 2389 1001 2440 in
1013 2389 1057 2443 boc
1068 2389 1120 2445 loco

104 2460 315 2539 desulmdurest
327 2497 335 2522 ,
366 2463 435 2532 quod
446 2478 494 2514 non
507 2461 585 2512 utilia
595 2477 647 2511 enm
660 2458 766 2532 honestis
772 2474 885 2535 pugnare
897 2464 969 2516 dixit
977 2464 1119 2536 aliquando

103 2536 168 2615 peffe
185 2540 277 2610 (neque
289 2540 355 2591 enim
366 2539 389 2590 ei
394 2533 441 2610 fies
449 2537 518 2602 erat)
536 2532 584 2606 fed
593 2553 621 2587 ea
637 2571 644 2595 ,
665 2553 720 2606 pue
731 2538 881 2591 viderentur
894 2540 972 2592 utilia
987 2575 995 2600 ,
1024 2541 1055 2598 ά·
1066 2558 1120 2614 que

97 2612 256 2690 [moritur.
284 2609 371 2666 rursus
382 2613 410 2665 in
424 2610 520 2665 eodem
535 2611 634 2683 inquit.
659 2613 797 2681 quinarem
811 2615 894 2667 omnia
906 2617 1046 2668 metiuntur
1056 2636 1122 2671 erne·

105 2691 248 2752 duarenus,
279 2691 449 2748 &commodis
465 2723 473 2749 ‚
499 2705 576 2758 neque
589 2686 679 2739 volunt
692 2706 721 2741 ea
731 2691 920 2760 preponderatt‘
936 2688 1076 2759 honestare,
1093 2693 1121 2749 br·

99 2762 186 2843 solent
198 2770 228 2820 in
238 2766 400 2819 desiderando
415 2762 537 2835 honestum
549 2781 602 2819 eum
617 2781 643 2815 to
656 2797 664 2823 ,
692 2766 762 2833 quod
770 2765 833 2819 urile
842 2778 936 2837 putent
953 2800 961 2827 ,
990 2782 1122 2841 compara-

104 2860 148 2899 re.
177 2843 245 2898 boni
259 2841 308 2896 viri
324 2858 378 2893 non
391 2839 482 2893 solent.
522 2841 611 2910 itaque
621 2834 748 2895 existimo
764 2836 928 2904 Panaetiuin,
948 2859 1009 2897 cum
1022 2843 1123 2901 dixerit

105 2916 234 2976 homines
250 2913 343 2978 solere,
364 2917 392 2970 in
409 2914 456 2970 hac
467 2931 668 2987 comparatione
683 2913 818 2978 dubitare,
839 2915 889 2971 hoc
905 2915 990 2991 ipsum
1005 2913 1119 2986 senfisst,

106 2993 179 3067 quod
190 2994 291 3050 dixerit
302 2991 382 3047 solere
396 2991 494 3053 modo,
516 3010 571 3045 non
585 2989 666 3044 etiam
679 3008 810 3064 oportere.
832 2989 950 3049 defendit
963 2993 1046 3066 igitur
1058 3014 1121 3055 enm

106 3071 204 3126 Cicero
220 3107 229 3133 ,
260 3087 322 3124 enm
343 3065 449 3122 defendi
468 3084 561 3141 patet,
591 3082 639 3120 nec
651 3064 734 3121 ullum
750 3068 854 3122 omittit
866 3067 990 3124 laudandi
1005 3086 1122 3146 tempus.

106 3164 188 3223 quare
204 3142 383 3201 insecundo:
409 3145 523 3204 suditr's,
551 3142 608 3204 ait,
638 3139 671 3209 est
677 3139 778 3216 semper
794 3147 821 3197 in
833 3143 912 3216 cauſss
924 3163 1014 3199 verum
1031 3146 1119 3220 sequi,
1142 3142 1147 3156 ⁸

103 3226 213 3297 patroni
230 3239 411 3292 nonnunquam
421 3219 556 3289 verifimile
572 3253 580 3280 ,
608 3219 685 3278 eiiam
692 3218 721 3289 fi
734 3221 816 3275 minus
819 3220 858 3292 ſsi
873 3238 961 3275 verum
977 3257 985 3282 ,
1008 3222 1125 3297 defend&

106 3316 144 3353 re.
184 3296 258 3374 qnod
275 3296 398 3357 scribere,
421 3292 563 3367 prasertim
577 3311 638 3347 tum
654 3291 686 3349 de
698 3292 869 3369 philosophia
881 3292 1020 3354 scriberem
1037 3335 1046 3361 ,
1068 3320 1125 3357 non

109 3372 251 3438 auderem,
274 3370 646 3446 nisridcmplacereti‘anaetio
655 3373 804 3427 Stoicorum
812 3367 978 3446 gravissimo.
1001 3371 1125 3451 hicqnod

110 3450 266 3524 reprehendi
278 3451 333 3520 jure
347 3445 445 3521 posset,
467 3447 671 3503 Parraetiitamen
680 3448 820 3503 autoritate
827 3446 932 3521 probat.
954 3456 1125 3522 quemetiam

108 3524 292 3603 gravissimum
308 3526 457 3579 Stoicorum
471 3522 593 3595 appellat.
624 3539 670 3574 nec
684 3523 720 3576 ita
737 3521 822 3577 multo
834 3520 893 3595 post
906 3524 996 3600 inquit
1007 3525 1125 3594 theatra,

109 3617 223 3675 ροιιιιιιι
238 3638 247 3661 ,
276 3619 347 3656 nova
358 3599 457 3673 templa
471 3595 641 3657 verecundius
654 3595 819 3670 reprehendo
833 3615 938 3674 propter
954 3603 1123 3677 Pompeium.

109 3674 149 3732 sed
157 3675 303 3733 dostishrni
320 3695 374 3729 non
388 3674 518 3748 probant,
540 3669 732 3746 ut&hic1pse
747 3674 894 3738 l’anaetius,
915 3693 996 3751 quern
1007 3682 1125 3736 muitum

109 3749 462 3835 inhirhbrissecntpssnm‚
481 3768 538 3829 non
550 3753 747 3822 interpretatus,
765 3746 812 3813 hic
825 3767 882 3807 non
893 3748 980 3816 solunt
989 3754 1018 3816 in
1027 3753 1127 3889 depictis·

797 3843 825 3887 Β]
852 3844 864 3911 5,
1060 3847 1129 3900 mir
