<?xml version="1.0" encoding="UTF-8"?>
<!DOCTYPE html PUBLIC "-//W3C//DTD XHTML 1.0 Transitional//EN"
    "http://www.w3.org/TR/xhtml1/DTD/xhtml1-transitional.dtd">
<html xmlns="http://www.w3.org/1999/xhtml" xml:lang="en" lang="en">
 <head>
  <title>
</title>
<meta http-equiv="Content-Type" content="text/html;charset=utf-8" />
  <meta name='ocr-system' content='tesseract 3.04.00' />
  <meta name='ocr-capabilities' content='ocr_page ocr_carea ocr_par ocr_line ocrx_word'/>
</head>
<body>
  <div class='ocr_page' id='page_1' title='image "./deofficiislibri00cicegoog_0345.png"; bbox 0 0 2490 4500; ppageno 0'>
   <div class='ocr_carea' id='block_1_1' title="bbox 111 283 1156 600">
    <p class='ocr_par' dir='ltr' id='par_1_1' title="bbox 111 283 1066 371">
     <span class='ocr_line' id='line_1_1' title="bbox 111 283 1066 371; baseline -0.015 -14"><span class='ocrx_word' id='word_1_1' title='bbox 111 300 175 357; x_wconf 79' lang='lat' dir='ltr'>satie</span> <span class='ocrx_word' id='word_1_2' title='bbox 193 296 242 361; x_wconf 79' lang='lat' dir='ltr'>fir,</span> <span class='ocrx_word' id='word_1_3' title='bbox 260 310 291 353; x_wconf 89' lang='lat' dir='ltr'>nr</span> <span class='ocrx_word' id='word_1_4' title='bbox 308 295 375 351; x_wconf 88' lang='lat' dir='ltr'>olitu</span> <span class='ocrx_word' id='word_1_5' title='bbox 389 293 424 351; x_wconf 86' lang='lat' dir='ltr'>de</span> <span class='ocrx_word' id='word_1_6' title='bbox 438 294 592 371; x_wconf 77' lang='lat' dir='ltr'>Pythagora</span> <span class='ocrx_word' id='word_1_7' title='bbox 606 290 720 357; x_wconf 80' lang='lat' dir='ltr'>solebat,</span> <span class='ocrx_word' id='word_1_8' title='bbox 739 287 811 350; x_wconf 63' lang='lat' dir='ltr'>carle</span> <span class='ocrx_word' id='word_1_9' title='bbox 829 286 890 355; x_wconf 75' lang='lat' dir='ltr'>loe,</span> <span class='ocrx_word' id='word_1_10' title='bbox 917 306 1011 345; x_wconf 79' lang='lat' dir='ltr'>verum</span> <span class='ocrx_word' id='word_1_11' title='bbox 1031 283 1066 343; x_wconf 85' lang='lat' dir='ltr'>stu</span> 
     </span>
    </p>

    <p class='ocr_par' dir='ltr' id='par_1_2' title="bbox 111 366 1156 600">
     <span class='ocr_line' id='line_1_2' title="bbox 111 366 1156 450; baseline -0.011 -18"><span class='ocrx_word' id='word_1_12' title='bbox 111 374 190 448; x_wconf 81' lang='lat' dir='ltr'>hujus</span> <span class='ocrx_word' id='word_1_13' title='bbox 201 372 280 429; x_wconf 79' lang='lat' dir='ltr'>verba</span> <span class='ocrx_word' id='word_1_14' title='bbox 298 370 400 450; x_wconf 87' lang='lat' dir='ltr'>singula</span> <span class='ocrx_word' id='word_1_15' title='bbox 417 369 469 427; x_wconf 87' lang='lat' dir='ltr'>ellc</span> <span class='ocrx_word' id='word_1_16' title='bbox 485 372 591 427; x_wconf 83' lang='lat' dir='ltr'>oracula</span> <span class='ocrx_word' id='word_1_17' title='bbox 608 388 743 446; x_wconf 78' lang='lat' dir='ltr'>putemur.</span> <span class='ocrx_word' id='word_1_18' title='bbox 771 367 833 426; x_wconf 85' lang='lat' dir='ltr'>arfi</span> <span class='ocrx_word' id='word_1_19' title='bbox 854 367 907 425; x_wconf 88' lang='lat' dir='ltr'>boc</span> <span class='ocrx_word' id='word_1_20' title='bbox 921 366 1022 423; x_wconf 81' lang='lat' dir='ltr'>inertiae</span> <span class='ocrx_word' id='word_1_21' title='bbox 1118 378 1121 385; x_wconf 93' lang='grc'><strong><em>·</em></strong></span> <span class='ocrx_word' id='word_1_22' title='bbox 1143 366 1156 402; x_wconf 71' lang='lat'>³³</span> 
     </span>
     <span class='ocr_line' id='line_1_3' title="bbox 112 438 1148 526; baseline -0.011 -19"><span class='ocrx_word' id='word_1_23' title='bbox 112 451 276 526; x_wconf 76' lang='lat' dir='ltr'>largiamur,</span> <span class='ocrx_word' id='word_1_24' title='bbox 297 466 326 503; x_wconf 90' lang='lat' dir='ltr'>ut</span> <span class='ocrx_word' id='word_1_25' title='bbox 343 466 377 503; x_wconf 84' lang='lat' dir='ltr'>cx</span> <span class='ocrx_word' id='word_1_26' title='bbox 395 466 452 504; x_wconf 88' lang='lat' dir='ltr'>tarn</span> <span class='ocrx_word' id='word_1_27' title='bbox 467 447 559 503; x_wconf 85' lang='lat' dir='ltr'>multis</span> <span class='ocrx_word' id='word_1_28' title='bbox 573 448 619 502; x_wconf 84' lang='lat' dir='ltr'>vir</span> <span class='ocrx_word' id='word_1_29' title='bbox 635 465 719 503; x_wconf 88' lang='lat' dir='ltr'>unum</span> <span class='ocrx_word' id='word_1_30' title='bbox 733 442 948 524; x_wconf 79' lang='lat' dir='ltr'>cognoscamus,</span> <span class='ocrx_word' id='word_1_31' title='bbox 969 438 1112 499; x_wconf 83' lang='lat' dir='ltr'>lautlaretlc·</span> <span class='ocrx_word' id='word_1_32' title='bbox 1144 468 1148 477; x_wconf 89' lang='lat'><strong>·</strong></span> 
     </span>
     <span class='ocr_line' id='line_1_4' title="bbox 113 516 1156 600; baseline -0.011 -18"><span class='ocrx_word' id='word_1_33' title='bbox 113 527 208 583; x_wconf 82' lang='lat' dir='ltr'>bemus</span> <span class='ocrx_word' id='word_1_34' title='bbox 226 544 289 590; x_wconf 79' lang='lat' dir='ltr'>eos,</span> <span class='ocrx_word' id='word_1_35' title='bbox 311 524 358 599; x_wconf 88' lang='lat' dir='ltr'>qui</span> <span class='ocrx_word' id='word_1_36' title='bbox 377 542 407 579; x_wconf 91' lang='lat' dir='ltr'>ue</span> <span class='ocrx_word' id='word_1_37' title='bbox 427 542 523 579; x_wconf 76' lang='lat' dir='ltr'>omues</span> <span class='ocrx_word' id='word_1_38' title='bbox 539 520 728 600; x_wconf 80' lang='lat' dir='ltr'>cognoscerent</span> <span class='ocrx_word' id='word_1_39' title='bbox 747 519 857 579; x_wconf 91' lang='lat' dir='ltr'>summo</span> <span class='ocrx_word' id='word_1_40' title='bbox 873 518 982 581; x_wconf 90' lang='lat' dir='ltr'>studio,</span> <span class='ocrx_word' id='word_1_41' title='bbox 1002 524 1029 573; x_wconf 71' lang='lat' dir='ltr'>le</span> <span class='ocrx_word' id='word_1_42' title='bbox 1041 516 1113 573; x_wconf 87' lang='lat' dir='ltr'>labore</span> <span class='ocrx_word' id='word_1_43' title='bbox 1142 522 1156 555; x_wconf 61' lang='grc' dir='ltr'><strong>ἓ</strong></span> 
     </span>
    </p>
   </div>
   <div class='ocr_carea' id='block_1_2' title="bbox 88 594 1156 3801">
    <p class='ocr_par' dir='ltr' id='par_1_3' title="bbox 88 594 1156 3801">
     <span class='ocr_line' id='line_1_5' title="bbox 112 594 1156 678; baseline -0.011 -20"><span class='ocrx_word' id='word_1_44' title='bbox 112 598 288 678; x_wconf 82' lang='lat' dir='ltr'>perfecerunt.</span> <span class='ocrx_word' id='word_1_45' title='bbox 329 618 420 674; x_wconf 85' lang='lat' dir='ltr'>reaque</span> <span class='ocrx_word' id='word_1_46' title='bbox 438 603 564 657; x_wconf 88' lang='lat' dir='ltr'>omnium</span> <span class='ocrx_word' id='word_1_47' title='bbox 586 600 689 655; x_wconf 82' lang='lat' dir='ltr'>collatis</span> <span class='ocrx_word' id='word_1_48' title='bbox 704 598 905 675; x_wconf 76' lang='lat' dir='ltr'>opinionibus,</span> <span class='ocrx_word' id='word_1_49' title='bbox 931 613 993 673; x_wconf 72' lang='lat' dir='ltr'>qua</span> <span class='ocrx_word' id='word_1_50' title='bbox 1011 594 1114 649; x_wconf 86' lang='lat' dir='ltr'>marine</span> <span class='ocrx_word' id='word_1_51' title='bbox 1144 598 1156 632; x_wconf 70' lang='lat' dir='ltr'>l</span> 
     </span>
     <span class='ocr_line' id='line_1_6' title="bbox 112 670 1153 753; baseline -0.009 -20"><span class='ocrx_word' id='word_1_52' title='bbox 112 677 263 753; x_wconf 76' lang='lat' dir='ltr'>placerent,</span> <span class='ocrx_word' id='word_1_53' title='bbox 281 695 398 734; x_wconf 84' lang='lat' dir='ltr'>cascum</span> <span class='ocrx_word' id='word_1_54' title='bbox 417 674 509 739; x_wconf 89' lang='lat' dir='ltr'>causa,</span> <span class='ocrx_word' id='word_1_55' title='bbox 529 675 639 733; x_wconf 84' lang='lat' dir='ltr'>utillius</span> <span class='ocrx_word' id='word_1_56' title='bbox 650 674 805 737; x_wconf 81' lang='lat' dir='ltr'>vilebatur,</span> <span class='ocrx_word' id='word_1_57' title='bbox 826 673 905 731; x_wconf 88' lang='lat' dir='ltr'>securi</span> <span class='ocrx_word' id='word_1_58' title='bbox 923 670 996 729; x_wconf 87' lang='lat' dir='ltr'>sunt.</span> <span class='ocrx_word' id='word_1_59' title='bbox 1014 672 1119 727; x_wconf 73' lang='lat' dir='ltr'>uturu-</span> <span class='ocrx_word' id='word_1_60' title='bbox 1143 674 1153 709; x_wconf 70' lang='lat'>³</span> 
     </span>
     <span class='ocr_line' id='line_1_7' title="bbox 111 744 1113 827; baseline -0.009 -19"><span class='ocrx_word' id='word_1_61' title='bbox 111 772 176 809; x_wconf 88' lang='lat' dir='ltr'>curu</span> <span class='ocrx_word' id='word_1_62' title='bbox 184 754 308 809; x_wconf 88' lang='lat' dir='ltr'>Tullium</span> <span class='ocrx_word' id='word_1_63' title='bbox 327 747 412 809; x_wconf 83' lang='lat' dir='ltr'>feeille</span> <span class='ocrx_word' id='word_1_64' title='bbox 430 744 552 816; x_wconf 81' lang='lat' dir='ltr'>conllat,</span> <span class='ocrx_word' id='word_1_65' title='bbox 572 769 653 827; x_wconf 86' lang='lat' dir='ltr'>quem</span> <span class='ocrx_word' id='word_1_66' title='bbox 668 750 780 826; x_wconf 86' lang='lat' dir='ltr'>quidem</span> <span class='ocrx_word' id='word_1_67' title='bbox 793 770 856 807; x_wconf 87' lang='lat' dir='ltr'>euru</span> <span class='ocrx_word' id='word_1_68' title='bbox 870 768 904 806; x_wconf 85' lang='lat' dir='ltr'>ex</span> <span class='ocrx_word' id='word_1_69' title='bbox 924 748 1001 810; x_wconf 80' lang='lat' dir='ltr'>aliis,</span> <span class='ocrx_word' id='word_1_70' title='bbox 1018 762 1072 801; x_wconf 84' lang='lat' dir='ltr'>aum</span> <span class='ocrx_word' id='word_1_71' title='bbox 1087 760 1113 799; x_wconf 82' lang='lat' dir='ltr'>cr</span> 
     </span>
     <span class='ocr_line' id='line_1_8' title="bbox 112 818 1156 906; baseline -0.008 -20"><span class='ocrx_word' id='word_1_72' title='bbox 112 830 167 886; x_wconf 83' lang='lat' dir='ltr'>illis</span> <span class='ocrx_word' id='word_1_73' title='bbox 177 830 298 906; x_wconf 84' lang='lat' dir='ltr'>quinque</span> <span class='ocrx_word' id='word_1_74' title='bbox 310 830 343 883; x_wconf 91' lang='lat' dir='ltr'>dc</span> <span class='ocrx_word' id='word_1_75' title='bbox 356 825 405 883; x_wconf 87' lang='lat' dir='ltr'>fin.</span> <span class='ocrx_word' id='word_1_76' title='bbox 415 830 566 892; x_wconf 89' lang='lat' dir='ltr'>bonorum,</span> <span class='ocrx_word' id='word_1_77' title='bbox 586 829 754 883; x_wconf 87' lang='lat' dir='ltr'>&amp;malorum</span> <span class='ocrx_word' id='word_1_78' title='bbox 768 828 845 884; x_wconf 72' lang='lat' dir='ltr'>libris</span> <span class='ocrx_word' id='word_1_79' title='bbox 855 844 904 901; x_wconf 89' lang='lat' dir='ltr'>par</span> <span class='ocrx_word' id='word_1_80' title='bbox 917 822 958 881; x_wconf 84' lang='lat' dir='ltr'>est</span> <span class='ocrx_word' id='word_1_81' title='bbox 968 818 1122 885; x_wconf 71' lang='lat' dir='ltr'>existiman..</span> <span class='ocrx_word' id='word_1_82' title='bbox 1147 828 1156 861; x_wconf 61' lang='grc' dir='ltr'><strong>ἱ</strong></span> 
     </span>
     <span class='ocr_line' id='line_1_9' title="bbox 112 894 1154 982; baseline -0.009 -21"><span class='ocrx_word' id='word_1_83' title='bbox 112 905 182 963; x_wconf 88' lang='lat' dir='ltr'>nibil</span> <span class='ocrx_word' id='word_1_84' title='bbox 194 900 324 982; x_wconf 78' lang='lat' dir='ltr'>ignorasse</span> <span class='ocrx_word' id='word_1_85' title='bbox 336 904 410 981; x_wconf 91' lang='lat' dir='ltr'>quod</span> <span class='ocrx_word' id='word_1_86' title='bbox 423 904 472 961; x_wconf 81' lang='lat' dir='ltr'>illa:</span> <span class='ocrx_word' id='word_1_87' title='bbox 485 903 593 966; x_wconf 76' lang='lat' dir='ltr'>schulz,</span> <span class='ocrx_word' id='word_1_88' title='bbox 619 923 678 978; x_wconf 75' lang='lat' dir='ltr'>qun</span> <span class='ocrx_word' id='word_1_89' title='bbox 690 922 755 959; x_wconf 90' lang='lat' dir='ltr'>runc</span> <span class='ocrx_word' id='word_1_90' title='bbox 767 920 842 958; x_wconf 90' lang='lat' dir='ltr'>erant</span> <span class='ocrx_word' id='word_1_91' title='bbox 852 906 882 957; x_wconf 93' lang='lat' dir='ltr'>in</span> <span class='ocrx_word' id='word_1_92' title='bbox 897 900 1020 961; x_wconf 89' lang='lat' dir='ltr'>honore,</span> <span class='ocrx_word' id='word_1_93' title='bbox 1037 894 1114 953; x_wconf 79' lang='lat' dir='ltr'>senue-</span> <span class='ocrx_word' id='word_1_94' title='bbox 1152 928 1154 933; x_wconf 95' lang='lat'>·</span> 
     </span>
     <span class='ocr_line' id='line_1_10' title="bbox 112 976 1156 1059; baseline -0.004 -20"><span class='ocrx_word' id='word_1_95' title='bbox 112 983 189 1039; x_wconf 79' lang='lat' dir='ltr'>batte.</span> <span class='ocrx_word' id='word_1_96' title='bbox 209 982 253 1039; x_wconf 91' lang='lat' dir='ltr'>bic</span> <span class='ocrx_word' id='word_1_97' title='bbox 273 1002 342 1059; x_wconf 87' lang='lat' dir='ltr'>ego,</span> <span class='ocrx_word' id='word_1_98' title='bbox 369 979 442 1055; x_wconf 89' lang='lat' dir='ltr'>quod</span> <span class='ocrx_word' id='word_1_99' title='bbox 460 978 554 1055; x_wconf 76' lang='lat' dir='ltr'>sapius</span> <span class='ocrx_word' id='word_1_100' title='bbox 574 982 599 1037; x_wconf 75' lang='lat' dir='ltr'>l&#39;c</span> <span class='ocrx_word' id='word_1_101' title='bbox 616 978 706 1036; x_wconf 84' lang='lat' dir='ltr'>fecerit</span> <span class='ocrx_word' id='word_1_102' title='bbox 726 978 930 1041; x_wconf 86' lang='lat' dir='ltr'>academicum,</span> <span class='ocrx_word' id='word_1_103' title='bbox 950 984 980 1035; x_wconf 70' lang='lat' dir='ltr'>bc</span> <span class='ocrx_word' id='word_1_104' title='bbox 994 976 1113 1035; x_wconf 72' lang='lat' dir='ltr'>smine»</span> <span class='ocrx_word' id='word_1_105' title='bbox 1145 984 1156 1016; x_wconf 55' lang='grc' dir='ltr'>Ξ</span> 
     </span>
     <span class='ocr_line' id='line_1_11' title="bbox 112 1050 1156 1133; baseline -0.003 -19"><span class='ocrx_word' id='word_1_106' title='bbox 112 1077 196 1133; x_wconf 84' lang='lat' dir='ltr'>quant</span> <span class='ocrx_word' id='word_1_107' title='bbox 217 1059 441 1133; x_wconf 89' lang='lat' dir='ltr'>peripateticum,</span> <span class='ocrx_word' id='word_1_108' title='bbox 465 1057 529 1112; x_wconf 90' lang='lat' dir='ltr'>nolo</span> <span class='ocrx_word' id='word_1_109' title='bbox 548 1054 682 1119; x_wconf 88' lang='lat' dir='ltr'>statuere,</span> <span class='ocrx_word' id='word_1_110' title='bbox 702 1072 791 1111; x_wconf 85' lang='lat' dir='ltr'>utrum</span> <span class='ocrx_word' id='word_1_111' title='bbox 815 1056 886 1111; x_wconf 75' lang='lat' dir='ltr'>reste</span> <span class='ocrx_word' id='word_1_112' title='bbox 903 1050 998 1111; x_wconf 80' lang='lat' dir='ltr'>fecerit</span> <span class='ocrx_word' id='word_1_113' title='bbox 1015 1068 1061 1107; x_wconf 77' lang='lat' dir='ltr'>racc</span> <span class='ocrx_word' id='word_1_114' title='bbox 1075 1066 1113 1111; x_wconf 75' lang='lat' dir='ltr'>m·</span> <span class='ocrx_word' id='word_1_115' title='bbox 1148 1060 1156 1123; x_wconf 65' lang='lat' dir='ltr'>&#39;l</span> 
     </span>
     <span class='ocr_line' id='line_1_12' title="bbox 112 1129 1156 1209; baseline -0.006 -22"><span class='ocrx_word' id='word_1_116' title='bbox 112 1153 208 1190; x_wconf 75' lang='lat' dir='ltr'>terum</span> <span class='ocrx_word' id='word_1_117' title='bbox 221 1136 352 1208; x_wconf 86' lang='lat' dir='ltr'>quoniam</span> <span class='ocrx_word' id='word_1_118' title='bbox 366 1152 398 1189; x_wconf 85' lang='lat' dir='ltr'>ca</span> <span class='ocrx_word' id='word_1_119' title='bbox 410 1130 564 1207; x_wconf 86' lang='lat' dir='ltr'>tempestate</span> <span class='ocrx_word' id='word_1_120' title='bbox 578 1134 649 1189; x_wconf 89' lang='lat' dir='ltr'>nulla</span> <span class='ocrx_word' id='word_1_121' title='bbox 662 1130 910 1209; x_wconf 82' lang='lat' dir='ltr'>religiotidebatur,</span> <span class='ocrx_word' id='word_1_122' title='bbox 925 1129 944 1187; x_wconf 90' lang='lat' dir='ltr'>sr</span> <span class='ocrx_word' id='word_1_123' title='bbox 957 1129 1114 1205; x_wconf 81' lang='lat' dir='ltr'>quieimpru·</span> <span class='ocrx_word' id='word_1_124' title='bbox 1148 1132 1156 1171; x_wconf 72' lang='lat' dir='ltr'>l</span> 
     </span>
     <span class='ocr_line' id='line_1_13' title="bbox 112 1206 1154 1279; baseline -0.009 -13"><span class='ocrx_word' id='word_1_125' title='bbox 112 1208 196 1266; x_wconf 81' lang='lat' dir='ltr'>ball&#39;et</span> <span class='ocrx_word' id='word_1_126' title='bbox 209 1208 394 1272; x_wconf 78' lang='lat' dir='ltr'>Aristotelem,</span> <span class='ocrx_word' id='word_1_127' title='bbox 417 1210 512 1265; x_wconf 85' lang='lat' dir='ltr'>demus</span> <span class='ocrx_word' id='word_1_128' title='bbox 532 1208 599 1265; x_wconf 90' lang='lat' dir='ltr'>banc</span> <span class='ocrx_word' id='word_1_129' title='bbox 611 1211 715 1264; x_wconf 83' lang='lat' dir='ltr'>veniant</span> <span class='ocrx_word' id='word_1_130' title='bbox 729 1209 873 1270; x_wconf 85' lang='lat' dir='ltr'>Ciceroni,</span> <span class='ocrx_word' id='word_1_131' title='bbox 895 1226 925 1263; x_wconf 82' lang='lat' dir='ltr'>ue</span> <span class='ocrx_word' id='word_1_132' title='bbox 937 1206 973 1263; x_wconf 92' lang='lat' dir='ltr'>ab</span> <span class='ocrx_word' id='word_1_133' title='bbox 990 1206 1041 1268; x_wconf 80' lang='lat' dir='ltr'>iis,</span> <span class='ocrx_word' id='word_1_134' title='bbox 1061 1214 1115 1279; x_wconf 77' lang='lat' dir='ltr'>qma</span> <span class='ocrx_word' id='word_1_135' title='bbox 1149 1212 1154 1277; x_wconf 66' lang='grc' dir='ltr'>ξ</span> 
     </span>
     <span class='ocr_line' id='line_1_14' title="bbox 88 1274 1156 1361; baseline -0.007 -20"><span class='ocrx_word' id='word_1_136' title='bbox 88 1330 92 1341; x_wconf 96' lang='grc'><em>.</em></span> <span class='ocrx_word' id='word_1_137' title='bbox 113 1286 163 1342; x_wconf 80' lang='lat' dir='ltr'>sibi</span> <span class='ocrx_word' id='word_1_138' title='bbox 178 1284 256 1343; x_wconf 84' lang='lat' dir='ltr'>duces</span> <span class='ocrx_word' id='word_1_139' title='bbox 268 1287 390 1361; x_wconf 85' lang='lat' dir='ltr'>clegerit,</span> <span class='ocrx_word' id='word_1_140' title='bbox 411 1284 445 1340; x_wconf 87' lang='lat' dir='ltr'>ad</span> <span class='ocrx_word' id='word_1_141' title='bbox 461 1282 563 1341; x_wconf 74' lang='lat' dir='ltr'>Aristo.</span> <span class='ocrx_word' id='word_1_142' title='bbox 583 1305 639 1340; x_wconf 89' lang='lat' dir='ltr'>nou</span> <span class='ocrx_word' id='word_1_143' title='bbox 660 1281 775 1340; x_wconf 85' lang='lat' dir='ltr'>deficiat.</span> <span class='ocrx_word' id='word_1_144' title='bbox 802 1302 851 1339; x_wconf 88' lang='lat' dir='ltr'>nec</span> <span class='ocrx_word' id='word_1_145' title='bbox 870 1283 953 1339; x_wconf 87' lang='lat' dir='ltr'>libeat</span> <span class='ocrx_word' id='word_1_146' title='bbox 966 1274 1116 1355; x_wconf 79' lang='lat' dir='ltr'>semperlot</span> <span class='ocrx_word' id='word_1_147' title='bbox 1140 1278 1156 1329; x_wconf 63' lang='lat'>3³</span> 
     </span>
     <span class='ocr_line' id='line_1_15' title="bbox 113 1354 1156 1429; baseline -0.01 -10"><span class='ocrx_word' id='word_1_148' title='bbox 113 1362 331 1425; x_wconf 86' lang='lat' dir='ltr'>Entbimemare,</span> <span class='ocrx_word' id='word_1_149' title='bbox 351 1379 380 1416; x_wconf 90' lang='lat' dir='ltr'>ut</span> <span class='ocrx_word' id='word_1_150' title='bbox 393 1362 491 1417; x_wconf 76' lang='lat' dir='ltr'>Callus</span> <span class='ocrx_word' id='word_1_151' title='bbox 510 1360 662 1425; x_wconf 85' lang='lat' dir='ltr'>consuerit,</span> <span class='ocrx_word' id='word_1_152' title='bbox 685 1362 734 1419; x_wconf 91' lang='lat' dir='ltr'>uti.</span> <span class='ocrx_word' id='word_1_153' title='bbox 753 1380 809 1415; x_wconf 89' lang='lat' dir='ltr'>nnn</span> <span class='ocrx_word' id='word_1_154' title='bbox 832 1358 866 1415; x_wconf 87' lang='lat' dir='ltr'>stc</span> <span class='ocrx_word' id='word_1_155' title='bbox 882 1356 1048 1415; x_wconf 66' lang='lat' dir='ltr'>Aristotelen</span> <span class='ocrx_word' id='word_1_156' title='bbox 1064 1370 1115 1429; x_wconf 78' lang='lat' dir='ltr'>ergo</span> <span class='ocrx_word' id='word_1_157' title='bbox 1143 1354 1156 1399; x_wconf 68' lang='grc' dir='ltr'>’ἱ</span> 
     </span>
     <span class='ocr_line' id='line_1_16' title="bbox 113 1426 1156 1510; baseline -0.01 -15"><span class='ocrx_word' id='word_1_158' title='bbox 113 1441 184 1496; x_wconf 87' lang='lat' dir='ltr'>male</span> <span class='ocrx_word' id='word_1_159' title='bbox 195 1442 302 1494; x_wconf 87' lang='lat' dir='ltr'>Cicero.</span> <span class='ocrx_word' id='word_1_160' title='bbox 323 1455 387 1491; x_wconf 87' lang='lat' dir='ltr'>nam</span> <span class='ocrx_word' id='word_1_161' title='bbox 400 1437 470 1510; x_wconf 85' lang='lat' dir='ltr'>apud</span> <span class='ocrx_word' id='word_1_162' title='bbox 484 1457 546 1494; x_wconf 87' lang='lat' dir='ltr'>cum</span> <span class='ocrx_word' id='word_1_163' title='bbox 556 1476 565 1502; x_wconf 97' lang='lat'>,</span> <span class='ocrx_word' id='word_1_164' title='bbox 576 1456 606 1495; x_wconf 91' lang='lat' dir='ltr'>ut</span> <span class='ocrx_word' id='word_1_165' title='bbox 618 1440 696 1494; x_wconf 80' lang='lat' dir='ltr'>rorice</span> <span class='ocrx_word' id='word_1_166' title='bbox 709 1434 846 1507; x_wconf 74' lang='lat' dir='ltr'>jameliri,</span> <span class='ocrx_word' id='word_1_167' title='bbox 869 1454 925 1493; x_wconf 91' lang='lat' dir='ltr'>nou</span> <span class='ocrx_word' id='word_1_168' title='bbox 938 1433 1041 1509; x_wconf 89' lang='lat' dir='ltr'>semper</span> <span class='ocrx_word' id='word_1_169' title='bbox 1050 1426 1114 1487; x_wconf 77' lang='lat' dir='ltr'>nult</span> <span class='ocrx_word' id='word_1_170' title='bbox 1149 1440 1156 1473; x_wconf 55' lang='grc' dir='ltr'><strong>ι</strong></span> 
     </span>
     <span class='ocr_line' id='line_1_17' title="bbox 113 1504 1115 1591; baseline -0.007 -21"><span class='ocrx_word' id='word_1_171' title='bbox 113 1516 257 1591; x_wconf 91' lang='lat' dir='ltr'>probatur,</span> <span class='ocrx_word' id='word_1_172' title='bbox 268 1512 502 1587; x_wconf 77' lang='lat' dir='ltr'>quemadmodum</span> <span class='ocrx_word' id='word_1_173' title='bbox 518 1517 546 1571; x_wconf 92' lang='lat' dir='ltr'>in</span> <span class='ocrx_word' id='word_1_174' title='bbox 559 1516 662 1571; x_wconf 86' lang='lat' dir='ltr'>ratione</span> <span class='ocrx_word' id='word_1_175' title='bbox 673 1513 852 1578; x_wconf 76' lang='lat' dir='ltr'>liberalitati53</span> <span class='ocrx_word' id='word_1_176' title='bbox 865 1530 951 1587; x_wconf 86' lang='lat' dir='ltr'>quum</span> <span class='ocrx_word' id='word_1_177' title='bbox 960 1510 1068 1587; x_wconf 85' lang='lat' dir='ltr'>quidem</span> <span class='ocrx_word' id='word_1_178' title='bbox 1082 1504 1115 1563; x_wconf 81' lang='lat' dir='ltr'>ila</span> 
     </span>
     <span class='ocr_line' id='line_1_18' title="bbox 112 1585 1156 1664; baseline -0.001 -18"><span class='ocrx_word' id='word_1_179' title='bbox 112 1594 143 1646; x_wconf 83' lang='lat' dir='ltr'>iu</span> <span class='ocrx_word' id='word_1_180' title='bbox 156 1591 273 1664; x_wconf 85' lang='lat' dir='ltr'>pecuniae</span> <span class='ocrx_word' id='word_1_181' title='bbox 283 1605 388 1645; x_wconf 86' lang='lat' dir='ltr'>tautum</span> <span class='ocrx_word' id='word_1_182' title='bbox 400 1586 465 1652; x_wconf 89' lang='lat' dir='ltr'>usu,</span> <span class='ocrx_word' id='word_1_183' title='bbox 484 1597 512 1645; x_wconf 74' lang='grc' dir='ltr'>δι</span> <span class='ocrx_word' id='word_1_184' title='bbox 524 1609 616 1647; x_wconf 85' lang='lat' dir='ltr'>earum</span> <span class='ocrx_word' id='word_1_185' title='bbox 631 1609 735 1654; x_wconf 89' lang='lat' dir='ltr'>rerum,</span> <span class='ocrx_word' id='word_1_186' title='bbox 756 1607 815 1659; x_wconf 81' lang='lat' dir='ltr'>quar</span> <span class='ocrx_word' id='word_1_187' title='bbox 827 1590 940 1664; x_wconf 88' lang='lat' dir='ltr'>pecunia</span> <span class='ocrx_word' id='word_1_188' title='bbox 956 1585 1115 1645; x_wconf 67' lang='lat' dir='ltr'>estimatur·</span> <span class='ocrx_word' id='word_1_189' title='bbox 1152 1594 1156 1627; x_wconf 66' lang='grc' dir='ltr'><strong>ἲ</strong></span> 
     </span>
     <span class='ocr_line' id='line_1_19' title="bbox 112 1656 1156 1742; baseline -0.006 -20"><span class='ocrx_word' id='word_1_190' title='bbox 112 1668 285 1722; x_wconf 73' lang='lat' dir='ltr'>Ciceronem</span> <span class='ocrx_word' id='word_1_191' title='bbox 296 1683 351 1719; x_wconf 89' lang='lat' dir='ltr'>non</span> <span class='ocrx_word' id='word_1_192' title='bbox 367 1666 394 1719; x_wconf 91' lang='lat' dir='ltr'>iu</span> <span class='ocrx_word' id='word_1_193' title='bbox 409 1662 452 1721; x_wconf 83' lang='lat' dir='ltr'>lais</span> <span class='ocrx_word' id='word_1_194' title='bbox 467 1664 551 1722; x_wconf 88' lang='lat' dir='ltr'>solum</span> <span class='ocrx_word' id='word_1_195' title='bbox 562 1682 670 1730; x_wconf 78' lang='lat' dir='ltr'>,vetum</span> <span class='ocrx_word' id='word_1_196' title='bbox 681 1670 762 1721; x_wconf 90' lang='lat' dir='ltr'>ctiam</span> <span class='ocrx_word' id='word_1_197' title='bbox 775 1668 803 1720; x_wconf 91' lang='lat' dir='ltr'>in</span> <span class='ocrx_word' id='word_1_198' title='bbox 816 1666 895 1719; x_wconf 93' lang='lat' dir='ltr'>omni</span> <span class='ocrx_word' id='word_1_199' title='bbox 909 1682 1008 1742; x_wconf 85' lang='lat' dir='ltr'>genere</span> <span class='ocrx_word' id='word_1_200' title='bbox 1018 1656 1116 1718; x_wconf 82' lang='lat' dir='ltr'>liberali·</span> <span class='ocrx_word' id='word_1_201' title='bbox 1134 1678 1137 1683; x_wconf 90' lang='lat'>·</span> <span class='ocrx_word' id='word_1_202' title='bbox 1154 1686 1156 1691; x_wconf 96' lang='lat'>·</span> 
     </span>
     <span class='ocr_line' id='line_1_20' title="bbox 111 1732 1147 1819; baseline -0.007 -21"><span class='ocrx_word' id='word_1_203' title='bbox 111 1744 175 1799; x_wconf 83' lang='lat' dir='ltr'>tatis</span> <span class='ocrx_word' id='word_1_204' title='bbox 195 1742 292 1797; x_wconf 87' lang='lat' dir='ltr'>versari</span> <span class='ocrx_word' id='word_1_205' title='bbox 313 1758 399 1817; x_wconf 86' lang='lat' dir='ltr'>purat.</span> <span class='ocrx_word' id='word_1_206' title='bbox 418 1760 502 1817; x_wconf 87' lang='lat' dir='ltr'>quare</span> <span class='ocrx_word' id='word_1_207' title='bbox 521 1741 556 1799; x_wconf 85' lang='lat' dir='ltr'>ste</span> <span class='ocrx_word' id='word_1_208' title='bbox 574 1744 622 1798; x_wconf 77' lang='lat' dir='ltr'>ait,</span> <span class='ocrx_word' id='word_1_209' title='bbox 648 1748 679 1803; x_wconf 79' lang='lat' dir='ltr'>dr</span> <span class='ocrx_word' id='word_1_210' title='bbox 691 1745 774 1797; x_wconf 71' lang='lat' dir='ltr'>ruilus</span> <span class='ocrx_word' id='word_1_211' title='bbox 792 1756 876 1798; x_wconf 78' lang='lat' dir='ltr'>aurem</span> <span class='ocrx_word' id='word_1_212' title='bbox 892 1742 1004 1815; x_wconf 78' lang='lat' dir='ltr'>reliquis</span> <span class='ocrx_word' id='word_1_213' title='bbox 1017 1732 1116 1807; x_wconf 66' lang='lat' dir='ltr'>brisim</span> <span class='ocrx_word' id='word_1_214' title='bbox 1142 1794 1147 1819; x_wconf 55' lang='grc' dir='ltr'>Ι</span> 
     </span>
     <span class='ocr_line' id='line_1_21' title="bbox 109 1814 1148 1895; baseline -0.005 -21"><span class='ocrx_word' id='word_1_215' title='bbox 109 1832 185 1895; x_wconf 77' lang='lat' dir='ltr'>pater</span> <span class='ocrx_word' id='word_1_216' title='bbox 196 1838 225 1873; x_wconf 84' lang='lat' dir='ltr'>ea</span> <span class='ocrx_word' id='word_1_217' title='bbox 238 1821 326 1883; x_wconf 75' lang='lat' dir='ltr'>ratio,</span> <span class='ocrx_word' id='word_1_218' title='bbox 346 1817 514 1892; x_wconf 80' lang='lat' dir='ltr'>quasoeietas</span> <span class='ocrx_word' id='word_1_219' title='bbox 523 1821 649 1874; x_wconf 83' lang='lat' dir='ltr'>bominum</span> <span class='ocrx_word' id='word_1_220' title='bbox 662 1822 732 1874; x_wconf 79' lang='lat' dir='ltr'>inter·</span> <span class='ocrx_word' id='word_1_221' title='bbox 743 1816 825 1892; x_wconf 85' lang='lat' dir='ltr'>ipsos,</span> <span class='ocrx_word' id='word_1_222' title='bbox 845 1821 877 1877; x_wconf 72' lang='lat' dir='ltr'>sa·</span> <span class='ocrx_word' id='word_1_223' title='bbox 888 1820 967 1880; x_wconf 77' lang='lat' dir='ltr'>uile,</span> <span class='ocrx_word' id='word_1_224' title='bbox 988 1814 1059 1890; x_wconf 72' lang='lat' dir='ltr'>praefi</span> <span class='ocrx_word' id='word_1_225' title='bbox 1066 1829 1116 1869; x_wconf 71' lang='lat' dir='ltr'>ern·</span> <span class='ocrx_word' id='word_1_226' title='bbox 1144 1822 1148 1864; x_wconf 77' lang='grc' dir='ltr'>ἱ</span> 
     </span>
     <span class='ocr_line' id='line_1_22' title="bbox 111 1877 1148 1970; baseline -0.011 -18"><span class='ocrx_word' id='word_1_227' title='bbox 111 1898 226 1952; x_wconf 75' lang='lat' dir='ltr'>munitur</span> <span class='ocrx_word' id='word_1_228' title='bbox 243 1898 398 1952; x_wconf 77' lang='lat' dir='ltr'>continetur.</span> <span class='ocrx_word' id='word_1_229' title='bbox 418 1893 487 1969; x_wconf 77' lang='lat' dir='ltr'>cujus</span> <span class='ocrx_word' id='word_1_230' title='bbox 498 1909 587 1970; x_wconf 78' lang='lat' dir='ltr'>partes</span> <span class='ocrx_word' id='word_1_231' title='bbox 601 1899 655 1950; x_wconf 81' lang='lat' dir='ltr'>dtu</span> <span class='ocrx_word' id='word_1_232' title='bbox 666 1894 750 1970; x_wconf 73' lang='lat' dir='ltr'>strue,</span> <span class='ocrx_word' id='word_1_233' title='bbox 765 1893 887 1967; x_wconf 77' lang='lat' dir='ltr'>justitia,</span> <span class='ocrx_word' id='word_1_234' title='bbox 906 1895 936 1948; x_wconf 78' lang='lat' dir='ltr'>in</span> <span class='ocrx_word' id='word_1_235' title='bbox 954 1888 1118 1967; x_wconf 76' lang='lat' dir='ltr'>paa&#39;uirautia</span> <span class='ocrx_word' id='word_1_236' title='bbox 1144 1877 1148 1913; x_wconf 83' lang='lat'><strong>¹</strong></span> 
     </span>
     <span class='ocr_line' id='line_1_23' title="bbox 105 1952 1154 2071; baseline -0.005 -45"><span class='ocrx_word' id='word_1_237' title='bbox 105 1971 231 2048; x_wconf 77' lang='lat' dir='ltr'>splendor·</span> <span class='ocrx_word' id='word_1_238' title='bbox 245 1970 279 2045; x_wconf 85' lang='lat' dir='ltr'>est</span> <span class='ocrx_word' id='word_1_239' title='bbox 292 1974 429 2026; x_wconf 77' lang='lat' dir='ltr'>maximus.</span> <span class='ocrx_word' id='word_1_240' title='bbox 447 1991 480 2025; x_wconf 81' lang='lat' dir='ltr'>ex</span> <span class='ocrx_word' id='word_1_241' title='bbox 500 1991 551 2045; x_wconf 80' lang='lat' dir='ltr'>qua</span> <span class='ocrx_word' id='word_1_242' title='bbox 570 1973 629 2027; x_wconf 80' lang='lat' dir='ltr'>boni</span> <span class='ocrx_word' id='word_1_243' title='bbox 639 1973 697 2025; x_wconf 81' lang='lat' dir='ltr'>uiri</span> <span class='ocrx_word' id='word_1_244' title='bbox 715 1976 897 2033; x_wconf 73' lang='lat' dir='ltr'>nutrirentur,</span> <span class='ocrx_word' id='word_1_245' title='bbox 917 1970 950 2029; x_wconf 72' lang='grc' dir='ltr'>ὁ*</span> <span class='ocrx_word' id='word_1_246' title='bbox 961 1970 1018 2023; x_wconf 81' lang='lat' dir='ltr'>braic</span> <span class='ocrx_word' id='word_1_247' title='bbox 1030 1964 1117 2039; x_wconf 63' lang='lat' dir='ltr'>qiua</span> <span class='ocrx_word' id='word_1_248' title='bbox 1143 1952 1154 2071; x_wconf 74' lang='grc'>1</span> 
     </span>
     <span class='ocr_line' id='line_1_24' title="bbox 105 2042 1156 2126; baseline -0.009 -23"><span class='ocrx_word' id='word_1_249' title='bbox 105 2048 201 2126; x_wconf 74' lang='lat' dir='ltr'>jersia</span> <span class='ocrx_word' id='word_1_250' title='bbox 222 2049 400 2121; x_wconf 63' lang='lat' dir='ltr'>benficentic,</span> <span class='ocrx_word' id='word_1_251' title='bbox 420 2067 496 2119; x_wconf 83' lang='lat' dir='ltr'>quam</span> <span class='ocrx_word' id='word_1_252' title='bbox 516 2048 618 2102; x_wconf 78' lang='lat' dir='ltr'>&#39;eandem</span> <span class='ocrx_word' id='word_1_253' title='bbox 635 2049 680 2102; x_wconf 84' lang='lat' dir='ltr'>uel</span> <span class='ocrx_word' id='word_1_254' title='bbox 699 2048 904 2121; x_wconf 77' lang='lat' dir='ltr'>benignitatem,</span> <span class='ocrx_word' id='word_1_255' title='bbox 922 2046 970 2102; x_wconf 82' lang='lat' dir='ltr'>vel</span> <span class='ocrx_word' id='word_1_256' title='bbox 985 2042 1118 2101; x_wconf 73' lang='lat' dir='ltr'>liberaliu-</span> <span class='ocrx_word' id='word_1_257' title='bbox 1153 2056 1156 2111; x_wconf 58' lang='grc' dir='ltr'>ζ</span> 
     </span>
     <span class='ocr_line' id='line_1_25' title="bbox 113 2116 1118 2198; baseline -0.004 -19"><span class='ocrx_word' id='word_1_258' title='bbox 113 2141 163 2180; x_wconf 81' lang='lat' dir='ltr'>rem</span> <span class='ocrx_word' id='word_1_259' title='bbox 183 2125 311 2198; x_wconf 78' lang='lat' dir='ltr'>appellere</span> <span class='ocrx_word' id='word_1_260' title='bbox 325 2126 393 2178; x_wconf 80' lang='lat' dir='ltr'>licet.</span> <span class='ocrx_word' id='word_1_261' title='bbox 415 2138 468 2177; x_wconf 81' lang='lat' dir='ltr'>rum</span> <span class='ocrx_word' id='word_1_262' title='bbox 481 2126 512 2180; x_wconf 81' lang='lat' dir='ltr'>ase</span> <span class='ocrx_word' id='word_1_263' title='bbox 524 2122 645 2197; x_wconf 70' lang='lat' dir='ltr'>justitia,</span> <span class='ocrx_word' id='word_1_264' title='bbox 668 2127 700 2184; x_wconf 75' lang='lat' dir='ltr'>cll·</span> <span class='ocrx_word' id='word_1_265' title='bbox 712 2122 839 2197; x_wconf 75' lang='lat' dir='ltr'>injustitia</span> <span class='ocrx_word' id='word_1_266' title='bbox 857 2124 989 2195; x_wconf 79' lang='lat' dir='ltr'>primum,</span> <span class='ocrx_word' id='word_1_267' title='bbox 1006 2116 1118 2195; x_wconf 78' lang='lat' dir='ltr'>pullml</span> 
     </span>
     <span class='ocr_line' id='line_1_26' title="bbox 113 2190 1156 2275; baseline -0.008 -20"><span class='ocrx_word' id='word_1_268' title='bbox 113 2200 274 2275; x_wconf 67' lang='lat' dir='ltr'>liberalitate</span> <span class='ocrx_word' id='word_1_269' title='bbox 289 2197 430 2272; x_wconf 75' lang='lat' dir='ltr'>separatim</span> <span class='ocrx_word' id='word_1_270' title='bbox 440 2198 495 2273; x_wconf 80' lang='lat' dir='ltr'>sua</span> <span class='ocrx_word' id='word_1_271' title='bbox 507 2204 610 2273; x_wconf 80' lang='lat' dir='ltr'>uerique</span> <span class='ocrx_word' id='word_1_272' title='bbox 624 2220 745 2261; x_wconf 80' lang='lat' dir='ltr'>manera,</span> <span class='ocrx_word' id='word_1_273' title='bbox 767 2201 798 2259; x_wconf 58' lang='lat' dir='ltr'>&amp;a</span> <span class='ocrx_word' id='word_1_274' title='bbox 809 2194 891 2273; x_wconf 78' lang='lat' dir='ltr'>officia</span> <span class='ocrx_word' id='word_1_275' title='bbox 904 2200 1020 2253; x_wconf 76' lang='lat' dir='ltr'>tribuens</span> <span class='ocrx_word' id='word_1_276' title='bbox 1032 2190 1119 2251; x_wconf 68' lang='lat' dir='ltr'>trauc-</span> <span class='ocrx_word' id='word_1_277' title='bbox 1154 2230 1156 2237; x_wconf 46' lang='grc' dir='ltr'><strong>ι</strong></span> 
     </span>
     <span class='ocr_line' id='line_1_27' title="bbox 111 2272 1119 2350; baseline -0.004 -21"><span class='ocrx_word' id='word_1_278' title='bbox 111 2278 166 2329; x_wconf 82' lang='lat' dir='ltr'>uir.</span> <span class='ocrx_word' id='word_1_279' title='bbox 188 2274 233 2329; x_wconf 93' lang='lat' dir='ltr'>ubi</span> <span class='ocrx_word' id='word_1_280' title='bbox 245 2272 366 2329; x_wconf 82' lang='lat' dir='ltr'>ridemus</span> <span class='ocrx_word' id='word_1_281' title='bbox 377 2276 535 2330; x_wconf 85' lang='lat' dir='ltr'>Ciceronem</span> <span class='ocrx_word' id='word_1_282' title='bbox 550 2273 678 2345; x_wconf 84' lang='lat' dir='ltr'>justitiam</span> <span class='ocrx_word' id='word_1_283' title='bbox 693 2294 752 2331; x_wconf 89' lang='lat' dir='ltr'>cam</span> <span class='ocrx_word' id='word_1_284' title='bbox 769 2292 872 2350; x_wconf 83' lang='lat' dir='ltr'>partem</span> <span class='ocrx_word' id='word_1_285' title='bbox 888 2274 1055 2350; x_wconf 76' lang='lat' dir='ltr'>intelligere,</span> <span class='ocrx_word' id='word_1_286' title='bbox 1071 2282 1119 2344; x_wconf 74' lang='lat' dir='ltr'>qua</span> 
     </span>
     <span class='ocr_line' id='line_1_28' title="bbox 112 2342 1119 2429; baseline 0.001 -23"><span class='ocrx_word' id='word_1_287' title='bbox 112 2366 206 2406; x_wconf 89' lang='lat' dir='ltr'>noecar</span> <span class='ocrx_word' id='word_1_288' title='bbox 218 2350 338 2410; x_wconf 81' lang='lat' dir='ltr'>nemini,</span> <span class='ocrx_word' id='word_1_289' title='bbox 360 2368 505 2406; x_wconf 87' lang='lat' dir='ltr'>uectamcu</span> <span class='ocrx_word' id='word_1_290' title='bbox 519 2349 600 2425; x_wconf 78' lang='lat' dir='ltr'>prosit</span> <span class='ocrx_word' id='word_1_291' title='bbox 612 2354 723 2429; x_wconf 89' lang='lat' dir='ltr'>cuique,</span> <span class='ocrx_word' id='word_1_292' title='bbox 736 2349 785 2407; x_wconf 84' lang='lat' dir='ltr'>nist</span> <span class='ocrx_word' id='word_1_293' title='bbox 799 2348 908 2413; x_wconf 84' lang='lat' dir='ltr'>dando,</span> <span class='ocrx_word' id='word_1_294' title='bbox 928 2356 957 2407; x_wconf 86' lang='lat'>&amp;</span> <span class='ocrx_word' id='word_1_295' title='bbox 968 2342 1119 2421; x_wconf 75' lang='lat' dir='ltr'>accipiendo·</span> 
     </span>
     <span class='ocr_line' id='line_1_29' title="bbox 112 2421 1120 2504; baseline -0.007 -22"><span class='ocrx_word' id='word_1_296' title='bbox 112 2444 143 2482; x_wconf 91' lang='lat' dir='ltr'>ur</span> <span class='ocrx_word' id='word_1_297' title='bbox 155 2421 283 2489; x_wconf 80' lang='lat' dir='ltr'>artifices,</span> <span class='ocrx_word' id='word_1_298' title='bbox 303 2432 329 2480; x_wconf 72' lang='grc' dir='ltr'>δι</span> <span class='ocrx_word' id='word_1_299' title='bbox 346 2443 504 2482; x_wconf 74' lang='lat' dir='ltr'>mercatores</span> <span class='ocrx_word' id='word_1_300' title='bbox 517 2427 616 2490; x_wconf 88' lang='lat' dir='ltr'>solent,</span> <span class='ocrx_word' id='word_1_301' title='bbox 637 2430 736 2504; x_wconf 89' lang='lat' dir='ltr'>quippe</span> <span class='ocrx_word' id='word_1_302' title='bbox 754 2429 801 2502; x_wconf 90' lang='lat' dir='ltr'>qui</span> <span class='ocrx_word' id='word_1_303' title='bbox 822 2424 856 2483; x_wconf 82' lang='lat' dir='ltr'>fic</span> <span class='ocrx_word' id='word_1_304' title='bbox 880 2427 940 2484; x_wconf 86' lang='lat' dir='ltr'>aliis</span> <span class='ocrx_word' id='word_1_305' title='bbox 956 2422 1081 2501; x_wconf 77' lang='lat' dir='ltr'>prosunt,</span> <span class='ocrx_word' id='word_1_306' title='bbox 1097 2432 1120 2475; x_wconf 81' lang='lat' dir='ltr'>ut</span> 
     </span>
     <span class='ocr_line' id='line_1_30' title="bbox 111 2494 1121 2578; baseline -0.006 -21"><span class='ocrx_word' id='word_1_307' title='bbox 111 2502 193 2557; x_wconf 90' lang='lat' dir='ltr'>ctiam</span> <span class='ocrx_word' id='word_1_308' title='bbox 216 2498 254 2556; x_wconf 88' lang='lat' dir='ltr'>sui</span> <span class='ocrx_word' id='word_1_309' title='bbox 274 2502 415 2557; x_wconf 90' lang='lat' dir='ltr'>commodi</span> <span class='ocrx_word' id='word_1_310' title='bbox 434 2500 572 2559; x_wconf 86' lang='lat' dir='ltr'>honestam</span> <span class='ocrx_word' id='word_1_311' title='bbox 594 2506 727 2559; x_wconf 90' lang='lat' dir='ltr'>rationem</span> <span class='ocrx_word' id='word_1_312' title='bbox 742 2503 867 2560; x_wconf 87' lang='lat' dir='ltr'>babeant.</span> <span class='ocrx_word' id='word_1_313' title='bbox 887 2521 971 2578; x_wconf 88' lang='lat' dir='ltr'>quare</span> <span class='ocrx_word' id='word_1_314' title='bbox 984 2494 1121 2557; x_wconf 81' lang='lat' dir='ltr'>Alexanclet</span> 
     </span>
     <span class='ocr_line' id='line_1_31' title="bbox 113 2574 1156 2653; baseline -0.002 -20"><span class='ocrx_word' id='word_1_315' title='bbox 113 2577 272 2652; x_wconf 70' lang='lat' dir='ltr'>alphaeum</span> <span class='ocrx_word' id='word_1_316' title='bbox 288 2577 308 2631; x_wconf 61' lang='lat' dir='ltr'>ri</span> <span class='ocrx_word' id='word_1_317' title='bbox 322 2576 472 2643; x_wconf 72' lang='grc' dir='ltr'>πλιονιξίις,</span> <span class='ocrx_word' id='word_1_318' title='bbox 493 2584 516 2653; x_wconf 55' lang='lat' dir='ltr'>a}</span> <span class='ocrx_word' id='word_1_319' title='bbox 534 2580 695 2647; x_wconf 59' lang='lat' dir='ltr'>impertiit,</span> <span class='ocrx_word' id='word_1_320' title='bbox 710 2579 830 2636; x_wconf 89' lang='lat' dir='ltr'>medium</span> <span class='ocrx_word' id='word_1_321' title='bbox 849 2574 897 2636; x_wconf 74' lang='lat' dir='ltr'>ellc</span> <span class='ocrx_word' id='word_1_322' title='bbox 917 2579 1002 2635; x_wconf 91' lang='lat' dir='ltr'>tradit</span> <span class='ocrx_word' id='word_1_323' title='bbox 1014 2578 1044 2633; x_wconf 89' lang='lat' dir='ltr'>iu</span> <span class='ocrx_word' id='word_1_324' title='bbox 1056 2576 1120 2647; x_wconf 76' lang='lat' dir='ltr'>Tap.</span> <span class='ocrx_word' id='word_1_325' title='bbox 1154 2644 1156 2653; x_wconf 37' lang='grc' dir='ltr'>Ι</span> 
     </span>
     <span class='ocr_line' id='line_1_32' title="bbox 113 2652 1156 2727; baseline -0.005 -17"><span class='ocrx_word' id='word_1_326' title='bbox 113 2652 157 2710; x_wconf 84' lang='lat' dir='ltr'>scd</span> <span class='ocrx_word' id='word_1_327' title='bbox 174 2652 228 2709; x_wconf 77' lang='lat' dir='ltr'>bae</span> <span class='ocrx_word' id='word_1_328' title='bbox 241 2655 325 2709; x_wconf 85' lang='lat' dir='ltr'>virtus</span> <span class='ocrx_word' id='word_1_329' title='bbox 339 2670 434 2709; x_wconf 89' lang='lat' dir='ltr'>manca</span> <span class='ocrx_word' id='word_1_330' title='bbox 445 2652 587 2711; x_wconf 86' lang='lat' dir='ltr'>videbitur.</span> <span class='ocrx_word' id='word_1_331' title='bbox 608 2658 748 2719; x_wconf 77' lang='lat' dir='ltr'>nonenim</span> <span class='ocrx_word' id='word_1_332' title='bbox 763 2655 825 2711; x_wconf 79' lang='lat' dir='ltr'>satis</span> <span class='ocrx_word' id='word_1_333' title='bbox 833 2653 872 2711; x_wconf 90' lang='lat' dir='ltr'>est</span> <span class='ocrx_word' id='word_1_334' title='bbox 885 2653 1018 2711; x_wconf 90' lang='lat' dir='ltr'>abstinere</span> <span class='ocrx_word' id='word_1_335' title='bbox 1026 2664 1121 2708; x_wconf 82' lang='lat' dir='ltr'>tautum</span> <span class='ocrx_word' id='word_1_336' title='bbox 1152 2658 1156 2727; x_wconf 69' lang='grc' dir='ltr'>ξ</span> 
     </span>
     <span class='ocr_line' id='line_1_33' title="bbox 111 2724 1156 2808; baseline -0.005 -22"><span class='ocrx_word' id='word_1_337' title='bbox 111 2731 146 2786; x_wconf 87' lang='lat' dir='ltr'>ab</span> <span class='ocrx_word' id='word_1_338' title='bbox 159 2730 271 2801; x_wconf 82' lang='lat' dir='ltr'>injuria,</span> <span class='ocrx_word' id='word_1_339' title='bbox 286 2726 334 2783; x_wconf 85' lang='lat' dir='ltr'>nist</span> <span class='ocrx_word' id='word_1_340' title='bbox 345 2730 493 2805; x_wconf 86' lang='lat' dir='ltr'>benignum</span> <span class='ocrx_word' id='word_1_341' title='bbox 506 2748 548 2795; x_wconf 87' lang='lat' dir='ltr'>tc,</span> <span class='ocrx_word' id='word_1_342' title='bbox 567 2724 738 2788; x_wconf 71' lang='lat' dir='ltr'>&amp;liberalem</span> <span class='ocrx_word' id='word_1_343' title='bbox 752 2728 867 2808; x_wconf 83' lang='lat' dir='ltr'>praestcs.</span> <span class='ocrx_word' id='word_1_344' title='bbox 886 2749 970 2808; x_wconf 89' lang='lat' dir='ltr'>quare</span> <span class='ocrx_word' id='word_1_345' title='bbox 984 2728 1123 2806; x_wconf 79' lang='lat' dir='ltr'>adjungunt</span> <span class='ocrx_word' id='word_1_346' title='bbox 1154 2732 1156 2737; x_wconf 88' lang='lat'>&#39;</span> 
     </span>
     <span class='ocr_line' id='line_1_34' title="bbox 111 2804 1123 2883; baseline -0.005 -21"><span class='ocrx_word' id='word_1_347' title='bbox 111 2808 136 2862; x_wconf 84' lang='lat' dir='ltr'>ei</span> <span class='ocrx_word' id='word_1_348' title='bbox 150 2804 350 2866; x_wconf 80' lang='lat' dir='ltr'>liberalitatem,</span> <span class='ocrx_word' id='word_1_349' title='bbox 372 2809 413 2862; x_wconf 91' lang='lat' dir='ltr'>cui</span> <span class='ocrx_word' id='word_1_350' title='bbox 430 2807 551 2862; x_wconf 87' lang='lat' dir='ltr'>tribuunt</span> <span class='ocrx_word' id='word_1_351' title='bbox 564 2827 620 2863; x_wconf 90' lang='grc' dir='ltr'><strong>ιιοιι</strong></span> <span class='ocrx_word' id='word_1_352' title='bbox 640 2808 724 2865; x_wconf 87' lang='lat' dir='ltr'>solum</span> <span class='ocrx_word' id='word_1_353' title='bbox 746 2807 822 2863; x_wconf 89' lang='lat' dir='ltr'>usum</span> <span class='ocrx_word' id='word_1_354' title='bbox 836 2808 971 2883; x_wconf 68' lang='lat' dir='ltr'>pecunie,</span> <span class='ocrx_word' id='word_1_355' title='bbox 994 2812 1022 2862; x_wconf 71' lang='grc' dir='ltr'>δι</span> <span class='ocrx_word' id='word_1_356' title='bbox 1041 2818 1123 2861; x_wconf 84' lang='lat' dir='ltr'>carnut</span> 
     </span>
     <span class='ocr_line' id='line_1_35' title="bbox 111 2876 1124 2957; baseline -0.003 -19"><span class='ocrx_word' id='word_1_357' title='bbox 111 2898 219 2945; x_wconf 90' lang='lat' dir='ltr'>rerum,</span> <span class='ocrx_word' id='word_1_358' title='bbox 242 2900 302 2956; x_wconf 72' lang='lat' dir='ltr'>qun</span> <span class='ocrx_word' id='word_1_359' title='bbox 321 2884 432 2956; x_wconf 85' lang='lat' dir='ltr'>pecunia</span> <span class='ocrx_word' id='word_1_360' title='bbox 452 2880 639 2947; x_wconf 72' lang='lat' dir='ltr'>aestimantur,</span> <span class='ocrx_word' id='word_1_361' title='bbox 672 2886 865 2940; x_wconf 84' lang='lat' dir='ltr'>verumetiam</span> <span class='ocrx_word' id='word_1_362' title='bbox 886 2901 1001 2939; x_wconf 88' lang='lat' dir='ltr'>omnem</span> <span class='ocrx_word' id='word_1_363' title='bbox 1021 2876 1124 2957; x_wconf 70' lang='lat' dir='ltr'>cujusvis</span> 
     </span>
     <span class='ocr_line' id='line_1_36' title="bbox 112 2956 1124 3036; baseline -0.004 -22"><span class='ocrx_word' id='word_1_364' title='bbox 112 2960 218 3036; x_wconf 79' lang='lat' dir='ltr'>generis</span> <span class='ocrx_word' id='word_1_365' title='bbox 231 2957 437 3035; x_wconf 84' lang='lat' dir='ltr'>benignitatem.</span> <span class='ocrx_word' id='word_1_366' title='bbox 460 2960 550 3034; x_wconf 89' lang='lat' dir='ltr'>itaque</span> <span class='ocrx_word' id='word_1_367' title='bbox 563 2962 592 3014; x_wconf 93' lang='lat' dir='ltr'>in</span> <span class='ocrx_word' id='word_1_368' title='bbox 610 2957 724 3016; x_wconf 88' lang='lat' dir='ltr'>secundo</span> <span class='ocrx_word' id='word_1_369' title='bbox 739 2958 831 3015; x_wconf 89' lang='lat' dir='ltr'>officio</span> <span class='ocrx_word' id='word_1_370' title='bbox 843 2960 1053 3034; x_wconf 67' lang='lat' dir='ltr'>inquirentem</span> <span class='ocrx_word' id='word_1_371' title='bbox 1070 2956 1124 3011; x_wconf 82' lang='lat' dir='ltr'>lile·</span> 
     </span>
     <span class='ocr_line' id='line_1_37' title="bbox 111 3031 1123 3113; baseline 0 -22"><span class='ocrx_word' id='word_1_372' title='bbox 111 3037 233 3091; x_wconf 80' lang='lat' dir='ltr'>relirarie</span> <span class='ocrx_word' id='word_1_373' title='bbox 249 3031 284 3105; x_wconf 76' lang='lat' dir='ltr'>eli</span> <span class='ocrx_word' id='word_1_374' title='bbox 303 3036 374 3088; x_wconf 77' lang='lat' dir='ltr'>tutio</span> <span class='ocrx_word' id='word_1_375' title='bbox 391 3036 494 3109; x_wconf 79' lang='lat' dir='ltr'>duplex.</span> <span class='ocrx_word' id='word_1_376' title='bbox 520 3056 580 3090; x_wconf 82' lang='lat' dir='ltr'>nam</span> <span class='ocrx_word' id='word_1_377' title='bbox 599 3050 646 3089; x_wconf 81' lang='lat' dir='ltr'>aur</span> <span class='ocrx_word' id='word_1_378' title='bbox 672 3051 747 3109; x_wconf 80' lang='lat' dir='ltr'>opera</span> <span class='ocrx_word' id='word_1_379' title='bbox 767 3038 870 3113; x_wconf 69' lang='lat' dir='ltr'>henigne</span> <span class='ocrx_word' id='word_1_380' title='bbox 883 3038 920 3112; x_wconf 77' lang='lat' dir='ltr'>fir</span> <span class='ocrx_word' id='word_1_381' title='bbox 946 3034 1123 3113; x_wconf 70' lang='lat' dir='ltr'>indigentibus·</span> 
     </span>
     <span class='ocr_line' id='line_1_38' title="bbox 110 3108 1123 3187; baseline -0.008 -19"><span class='ocrx_word' id='word_1_382' title='bbox 110 3126 158 3169; x_wconf 76' lang='lat' dir='ltr'>erra</span> <span class='ocrx_word' id='word_1_383' title='bbox 166 3112 282 3187; x_wconf 81' lang='lat' dir='ltr'>pecunia.</span> <span class='ocrx_word' id='word_1_384' title='bbox 300 3124 378 3182; x_wconf 76' lang='lat' dir='ltr'>atque</span> <span class='ocrx_word' id='word_1_385' title='bbox 402 3112 441 3166; x_wconf 83' lang='lat' dir='ltr'>his</span> <span class='ocrx_word' id='word_1_386' title='bbox 455 3112 551 3165; x_wconf 77' lang='lat' dir='ltr'>durius</span> <span class='ocrx_word' id='word_1_387' title='bbox 570 3114 690 3183; x_wconf 76' lang='lat' dir='ltr'>partibus</span> <span class='ocrx_word' id='word_1_388' title='bbox 700 3110 809 3185; x_wconf 76' lang='lat' dir='ltr'>justitie</span> <span class='ocrx_word' id='word_1_389' title='bbox 828 3109 977 3186; x_wconf 81' lang='lat' dir='ltr'>uniuerfiem</span> <span class='ocrx_word' id='word_1_390' title='bbox 992 3131 1072 3186; x_wconf 79' lang='lat' dir='ltr'>genus</span> <span class='ocrx_word' id='word_1_391' title='bbox 1085 3108 1123 3161; x_wconf 81' lang='lat' dir='ltr'>ie·</span> 
     </span>
     <span class='ocr_line' id='line_1_39' title="bbox 111 3184 1125 3263; baseline -0.004 -21"><span class='ocrx_word' id='word_1_392' title='bbox 111 3207 213 3244; x_wconf 79' lang='lat' dir='ltr'>manum</span> <span class='ocrx_word' id='word_1_393' title='bbox 234 3184 405 3260; x_wconf 69' lang='lat' dir='ltr'>[restruantur.</span> <span class='ocrx_word' id='word_1_394' title='bbox 426 3206 485 3241; x_wconf 84' lang='lat' dir='ltr'>nam</span> <span class='ocrx_word' id='word_1_395' title='bbox 496 3186 647 3259; x_wconf 69' lang='lat' dir='ltr'>societatem</span> <span class='ocrx_word' id='word_1_396' title='bbox 667 3202 753 3243; x_wconf 79' lang='lat' dir='ltr'>artetur·</span> <span class='ocrx_word' id='word_1_397' title='bbox 769 3191 806 3251; x_wconf 87' lang='lat' dir='ltr'>is,</span> <span class='ocrx_word' id='word_1_398' title='bbox 835 3192 881 3263; x_wconf 82' lang='lat' dir='ltr'>qui</span> <span class='ocrx_word' id='word_1_399' title='bbox 893 3187 939 3261; x_wconf 78' lang='lat' dir='ltr'>jar</span> <span class='ocrx_word' id='word_1_400' title='bbox 955 3186 1029 3258; x_wconf 77' lang='lat' dir='ltr'>ficum</span> <span class='ocrx_word' id='word_1_401' title='bbox 1049 3186 1125 3257; x_wconf 68' lang='lat' dir='ltr'>cuique</span> 
     </span>
     <span class='ocr_line' id='line_1_40' title="bbox 110 3259 1124 3339; baseline -0.003 -21"><span class='ocrx_word' id='word_1_402' title='bbox 110 3266 217 3318; x_wconf 82' lang='lat' dir='ltr'>eriluir.</span> <span class='ocrx_word' id='word_1_403' title='bbox 238 3265 327 3337; x_wconf 87' lang='lat' dir='ltr'>iraque</span> <span class='ocrx_word' id='word_1_404' title='bbox 341 3263 370 3316; x_wconf 92' lang='lat' dir='ltr'>in</span> <span class='ocrx_word' id='word_1_405' title='bbox 381 3264 460 3317; x_wconf 86' lang='lat' dir='ltr'>tertio</span> <span class='ocrx_word' id='word_1_406' title='bbox 477 3261 510 3317; x_wconf 89' lang='lat' dir='ltr'>de</span> <span class='ocrx_word' id='word_1_407' title='bbox 530 3259 579 3318; x_wconf 85' lang='lat' dir='ltr'>liu.</span> <span class='ocrx_word' id='word_1_408' title='bbox 594 3262 699 3337; x_wconf 78' lang='lat' dir='ltr'>justitia</span> <span class='ocrx_word' id='word_1_409' title='bbox 716 3264 805 3339; x_wconf 75' lang='lat' dir='ltr'>inquit</span> <span class='ocrx_word' id='word_1_410' title='bbox 819 3267 925 3319; x_wconf 85' lang='lat' dir='ltr'>Cicero.</span> <span class='ocrx_word' id='word_1_411' title='bbox 939 3267 968 3319; x_wconf 86' lang='lat' dir='ltr'>ire</span> <span class='ocrx_word' id='word_1_412' title='bbox 981 3261 1033 3338; x_wconf 84' lang='lat' dir='ltr'>fito</span> <span class='ocrx_word' id='word_1_413' title='bbox 1047 3265 1124 3333; x_wconf 75' lang='lat' dir='ltr'>cuique</span> 
     </span>
     <span class='ocr_line' id='line_1_41' title="bbox 113 3338 1156 3415; baseline 0.001 -21"><span class='ocrx_word' id='word_1_414' title='bbox 113 3340 247 3394; x_wconf 77' lang='lat' dir='ltr'>tribuendo</span> <span class='ocrx_word' id='word_1_415' title='bbox 259 3341 386 3393; x_wconf 80' lang='lat' dir='ltr'>cernitur:</span> <span class='ocrx_word' id='word_1_416' title='bbox 409 3358 438 3394; x_wconf 89' lang='lat' dir='ltr'>ac</span> <span class='ocrx_word' id='word_1_417' title='bbox 451 3339 490 3394; x_wconf 85' lang='lat' dir='ltr'>in.-</span> <span class='ocrx_word' id='word_1_418' title='bbox 507 3357 532 3411; x_wconf 77' lang='lat'>3.</span> <span class='ocrx_word' id='word_1_419' title='bbox 544 3338 578 3395; x_wconf 91' lang='lat' dir='ltr'>dc</span> <span class='ocrx_word' id='word_1_420' title='bbox 590 3356 647 3395; x_wconf 88' lang='lat' dir='ltr'>uar.</span> <span class='ocrx_word' id='word_1_421' title='bbox 660 3339 735 3395; x_wconf 89' lang='lat' dir='ltr'>deor.</span> <span class='ocrx_word' id='word_1_422' title='bbox 745 3339 870 3415; x_wconf 72' lang='lat' dir='ltr'>justitia,</span> <span class='ocrx_word' id='word_1_423' title='bbox 891 3338 1031 3414; x_wconf 76' lang='lat' dir='ltr'>prestante</span> <span class='ocrx_word' id='word_1_424' title='bbox 1048 3342 1124 3411; x_wconf 81' lang='lat' dir='ltr'>cripte</span> <span class='ocrx_word' id='word_1_425' title='bbox 1153 3370 1156 3382; x_wconf 86' lang='lat'><strong>·</strong></span> 
     </span>
     <span class='ocr_line' id='line_1_42' title="bbox 114 3415 1122 3490; baseline -0.001 -21"><span class='ocrx_word' id='word_1_426' title='bbox 114 3417 225 3476; x_wconf 75' lang='lat' dir='ltr'>tribuit,</span> <span class='ocrx_word' id='word_1_427' title='bbox 246 3416 312 3486; x_wconf 83' lang='lat' dir='ltr'>quid</span> <span class='ocrx_word' id='word_1_428' title='bbox 325 3419 437 3487; x_wconf 66' lang='lat' dir='ltr'>pertinet</span> <span class='ocrx_word' id='word_1_429' title='bbox 451 3417 489 3467; x_wconf 84' lang='lat' dir='ltr'>ad</span> <span class='ocrx_word' id='word_1_430' title='bbox 501 3418 574 3471; x_wconf 76' lang='lat' dir='ltr'>deus?</span> <span class='ocrx_word' id='word_1_431' title='bbox 593 3416 719 3471; x_wconf 81' lang='lat' dir='ltr'>bominum</span> <span class='ocrx_word' id='word_1_432' title='bbox 733 3420 799 3472; x_wconf 83' lang='lat' dir='ltr'>enlm</span> <span class='ocrx_word' id='word_1_433' title='bbox 805 3415 934 3490; x_wconf 77' lang='lat' dir='ltr'>societas,</span> <span class='ocrx_word' id='word_1_434' title='bbox 945 3419 990 3477; x_wconf 68' lang='lat' dir='ltr'>u·</span> <span class='ocrx_word' id='word_1_435' title='bbox 999 3417 1122 3473; x_wconf 78' lang='lat' dir='ltr'>commari-</span> 
     </span>
     <span class='ocr_line' id='line_1_43' title="bbox 114 3490 1121 3564; baseline 0.001 -18"><span class='ocrx_word' id='word_1_436' title='bbox 114 3505 172 3553; x_wconf 80' lang='lat' dir='ltr'>tus,</span> <span class='ocrx_word' id='word_1_437' title='bbox 189 3503 219 3543; x_wconf 84' lang='lat' dir='ltr'>ur</span> <span class='ocrx_word' id='word_1_438' title='bbox 229 3508 276 3544; x_wconf 82' lang='lat' dir='ltr'>vos</span> <span class='ocrx_word' id='word_1_439' title='bbox 286 3493 389 3554; x_wconf 79' lang='lat' dir='ltr'>dicitis,</span> <span class='ocrx_word' id='word_1_440' title='bbox 407 3490 513 3564; x_wconf 73' lang='lat' dir='ltr'>justitia</span> <span class='ocrx_word' id='word_1_441' title='bbox 524 3496 683 3564; x_wconf 81' lang='lat' dir='ltr'>procreavit.</span> <span class='ocrx_word' id='word_1_442' title='bbox 702 3492 734 3549; x_wconf 88' lang='lat' dir='ltr'>de</span> <span class='ocrx_word' id='word_1_443' title='bbox 746 3493 904 3549; x_wconf 82' lang='lat' dir='ltr'>intentione</span> <span class='ocrx_word' id='word_1_444' title='bbox 916 3510 996 3556; x_wconf 83' lang='lat' dir='ltr'>vcro,</span> <span class='ocrx_word' id='word_1_445' title='bbox 1015 3496 1044 3549; x_wconf 66' lang='lat' dir='ltr'>ul</span> <span class='ocrx_word' id='word_1_446' title='bbox 1056 3490 1121 3548; x_wconf 88' lang='lat' dir='ltr'>inrel-</span> 
     </span>
     <span class='ocr_line' id='line_1_44' title="bbox 113 3566 1120 3647; baseline -0.001 -25"><span class='ocrx_word' id='word_1_447' title='bbox 113 3567 182 3643; x_wconf 81' lang='lat' dir='ltr'>ligas</span> <span class='ocrx_word' id='word_1_448' title='bbox 195 3566 272 3633; x_wconf 84' lang='lat' dir='ltr'>hujus</span> <span class='ocrx_word' id='word_1_449' title='bbox 282 3566 388 3622; x_wconf 86' lang='lat' dir='ltr'>virtutis</span> <span class='ocrx_word' id='word_1_450' title='bbox 399 3568 467 3629; x_wconf 85' lang='lat' dir='ltr'>vitu,</span> <span class='ocrx_word' id='word_1_451' title='bbox 485 3568 539 3638; x_wconf 87' lang='lat' dir='ltr'>jam</span> <span class='ocrx_word' id='word_1_452' title='bbox 556 3568 616 3623; x_wconf 84' lang='lat' dir='ltr'>vide</span> <span class='ocrx_word' id='word_1_453' title='bbox 629 3587 644 3623; x_wconf 91' lang='lat' dir='ltr'>a</span> <span class='ocrx_word' id='word_1_454' title='bbox 657 3588 739 3643; x_wconf 86' lang='lat' dir='ltr'>puero</span> <span class='ocrx_word' id='word_1_455' title='bbox 750 3570 910 3624; x_wconf 86' lang='lat' dir='ltr'>Ciceronem</span> <span class='ocrx_word' id='word_1_456' title='bbox 923 3566 1120 3647; x_wconf 53' lang='lat' dir='ltr'>didiciffefflstt·</span> 
     </span>
     <span class='ocr_line' id='line_1_45' title="bbox 112 3640 1119 3719; baseline 0.002 -22"><span class='ocrx_word' id='word_1_457' title='bbox 112 3646 172 3704; x_wconf 79' lang='lat' dir='ltr'>tia,</span> <span class='ocrx_word' id='word_1_458' title='bbox 193 3640 300 3715; x_wconf 86' lang='lat' dir='ltr'>inquit,</span> <span class='ocrx_word' id='word_1_459' title='bbox 320 3641 354 3713; x_wconf 66' lang='lat' dir='ltr'>eli</span> <span class='ocrx_word' id='word_1_460' title='bbox 372 3645 475 3698; x_wconf 77' lang='lat' dir='ltr'>baliares</span> <span class='ocrx_word' id='word_1_461' title='bbox 495 3646 578 3699; x_wconf 83' lang='lat' dir='ltr'>animi</span> <span class='ocrx_word' id='word_1_462' title='bbox 598 3648 719 3699; x_wconf 85' lang='lat' dir='ltr'>contmrmi</span> <span class='ocrx_word' id='word_1_463' title='bbox 737 3646 859 3701; x_wconf 74' lang='lat' dir='ltr'>rrrilitutel</span> <span class='ocrx_word' id='word_1_464' title='bbox 872 3644 1044 3719; x_wconf 71' lang='lat' dir='ltr'>corfirvatae,</span> <span class='ocrx_word' id='word_1_465' title='bbox 1060 3644 1119 3717; x_wconf 75' lang='lat' dir='ltr'>ficet!</span> 
     </span>
     <span class='ocr_line' id='line_1_46' title="bbox 112 3716 1118 3801; baseline -0.005 -26"><span class='ocrx_word' id='word_1_466' title='bbox 112 3721 198 3799; x_wconf 73' lang='lat' dir='ltr'>stipae</span> <span class='ocrx_word' id='word_1_467' title='bbox 212 3716 329 3776; x_wconf 75' lang='lat' dir='ltr'>tribuens</span> <span class='ocrx_word' id='word_1_468' title='bbox 338 3720 503 3796; x_wconf 73' lang='lat' dir='ltr'>dignitatern.</span> <span class='ocrx_word' id='word_1_469' title='bbox 522 3718 625 3779; x_wconf 82' lang='lat' dir='ltr'>Rursus</span> <span class='ocrx_word' id='word_1_470' title='bbox 642 3719 686 3779; x_wconf 88' lang='lat' dir='ltr'>ille</span> <span class='ocrx_word' id='word_1_471' title='bbox 698 3738 806 3797; x_wconf 83' lang='lat' dir='ltr'>quoquc</span> <span class='ocrx_word' id='word_1_472' title='bbox 819 3718 977 3783; x_wconf 29' lang='lat' dir='ltr'>ebrietatem*</span> <span class='ocrx_word' id='word_1_473' title='bbox 989 3721 1118 3801; x_wconf 59' lang='lat' dir='ltr'>consertae</span> 
     </span>
    </p>
   </div>
   <div class='ocr_carea' id='block_1_3' title="bbox 1084 3809 1119 3871">
    <p class='ocr_par' dir='ltr' id='par_1_4' title="bbox 1084 3809 1119 3871">
     <span class='ocr_line' id='line_1_47' title="bbox 1084 3809 1119 3871; baseline 0 0"><span class='ocrx_word' id='word_1_474' title='bbox 1084 3809 1119 3871; x_wconf 75' lang='lat' dir='ltr'>pu</span> 
     </span>
    </p>
   </div>
   <div class='ocr_carea' id='block_1_4' title="bbox 0 0 1253 4500">
    <p class='ocr_par' dir='ltr' id='par_1_5' title="bbox 0 0 1253 4500">
     <span class='ocr_line' id='line_1_48' title="bbox 0 0 1253 4500; baseline 0 0"><span class='ocrx_word' id='word_1_475' title='bbox 0 0 1253 4500; x_wconf 95' lang='lat' dir='ltr'> </span> 
     </span>
    </p>
   </div>
  </div>
 </body>
</html>
