2490 4500
24 122 280 254 Continui?
303 197 354 250 in
376 175 564 252 Linus.-
585 162 767 254 Crux.
868 176 943 277 τῇ

11 335 20 359 ,
36 299 213 352 dendeiffimis
229 298 332 354 scilicet,
347 301 412 350 acde
442 301 541 353 addito,
555 296 623 366 quod
638 314 714 349 nemo
725 315 767 349 me
780 297 852 356 fleat,
866 306 949 349 neme

10 380 66 476 ptuae
81 364 196 436 cogitatio
207 379 287 435 'neque
295 361 410 426 superflua
444 366 507 413 mihi
522 365 650 427 lacrymas,
666 360 705 411 sed
721 379 765 426 pro
783 377 823 412 me
844 361 945 411 Christo

40 443 138 492 ‚neque
147 441 258 475 nimium
275 425 409 476 festinar&
442 442 536 490 preces:
557 429 598 478 δι,
613 428 656 491 qui
667 427 759 488 pineis,
782 422 870 473 Christi
883 438 944 486 pau·-

10 489 106 538 mnibus
115 500 175 539 certa
183 487 227 540 sit,
243 490 411 538 &horamor-
443 489 537 553 peribus
545 489 942 552 charitatem‚promeoraremo-

11 566 49 601 ta:
65 554 149 608 vtile,
173 554 197 600 δι
222 552 350 602 honestum
363 568 412 600 ere·
443 553 514 604 nitis,
529 552 640 616 porrigat.
655 550 702 600 hoc
712 550 775 599 milii
783 545 888 612 prodesse
900 562 947 612 po

10 630 102 680 equam
112 628 226 663 memore
232 614 346 677 impediar
358 615 411 670 ‚vel
444 617 512 662 terit:
528 615 703 665 firmantem,
718 617 744 662 &
760 611 944 661 defunctorum

10 676 46 733 fa,
62 694 115 742 quae
143 691 167 726 er
181 678 274 733 varios,
296 681 320 726 δι
334 675 412 724 ambi·
442 677 507 734 tilis,
523 680 549 727 δι
564 675 676 726 flentibus
691 676 724 725 est
735 672 872 723 damnosus-
905 680 945 724 De

10 757 62 788 rum
89 756 152 790 caus
168 736 257 802 semper
276 739 348 789 nobis
360 740 410 786 im·
443 741 499 789 loco
526 752 606 788 autem
633 754 684 788 non
707 752 851 801 magnopere
877 752 944 787 curo.

22 816 119 867 propter
135 803 188 851 virae
200 799 339 865 benitatem
354 817 410 864 pno-
444 807 581 852 contentos
593 803 653 865 poni
665 799 810 864 ubicumque
827 805 882 848 Deo
894 801 946 862 plo-

14 883 69 914 non
78 866 172 930 potest,
187 879 252 912 nunc
268 867 315 915 Dei
321 866 409 928 gratia,
423 910 426 917 ,
442 867 530 921 merit,
546 866 622 919 &iis‚
638 866 681 929 qui
700 863 761 911 hanc
781 877 861 910 curam
876 858 944 910 susci-

10 944 76 992 pore
90 927 178 984 fimuI,
194 941 263 994 atque
279 930 364 977 animo
378 925 411 975 fi·
441 943 495 989 pere
502 926 669 991 dignabuntur.
696 926 808 973 Sitmnen
818 922 944 987 cxpreffius

10 1007 18 1037 1
34 1024 42 1046 ,
63 990 94 1039 de
111 988 233 1054 meipso.
257 1007 284 1039 ac
300 991 330 1039 de
343 987 411 1038 rebus
443 1006 496 1038 mea
505 990 534 1038 de
550 990 598 1038 hoc
613 990 723 1039 voluntas
744 989 891 1059 exquiratur,
906 983 942 1035 se»

10 1053 88 1101 landa
97 1052 228 1115 disponere.
242 1053 351 1117 quamvis
366 1051 375 1116 (
386 1064 411 1100 ut
442 1054 509 1116 peliri
519 1052 610 1108 velim,
625 1050 743 1102 Madent,
752 1048 794 1098 ubi
803 1065 866 1097 nunc
875 1047 926 1097 sum
933 1084 944 1106 ,

10 1112 84 1178 arear)
95 1129 262 1178 tamparvaeres
276 1113 328 1163 sunt
342 1131 410 1172 mee,
443 1116 540 1166 moriar,
552 1117 579 1161 in
588 1113 681 1163 ecclesia
689 1117 711 1160 S.
722 1112 856 1177 Augustini,
868 1127 943 1177 quam

10 1177 46 1226 »sis
57 1177 167 1242 quodam
187 1179 264 1226 modo
272 1178 358 1240 pudeat
372 1193 413 1226 me
441 1176 522 1226 fratres
540 1177 700 1240 praedicatores
726 1187 824 1231 tenent:
845 1178 942 1239 quia&

15 1238 57 1288 sed
76 1241 195 1297 divitum,
218 1255 287 1305 atque
309 1242 411 1303 inopum
444 1241 601 1289 iocusanimae
610 1253 768 1303 incrematus,
784 1241 809 1287 δι
823 1238 881 1297 iacet
891 1238 945 1288 iliic

19 1302 92 1351 rebus
106 1303 184 1367 (iiber
194 1300 339 1366 imparibus)
350 1317 413 1365 pares
442 1304 479 1358 is,
500 1305 542 1367 qni
555 1318 595 1351 me
613 1304 743 1365 plurimum
758 1300 853 1355 dilexit,
868 1302 946 1365 inque

10 1366 53 1415 olo
66 1367 137 1429 igitur
155 1366 215 1414 hanc
236 1381 316 1412 meam
325 1367 412 1414 voluit·
440 1365 481 1412 has
495 1378 566 1413 terras
581 1365 625 1428 pits
640 1363 745 1429 precibus
756 1363 868 1418 attraxit.
882 1377 942 1424 prae·

10 1426 120 1478 rdinare,
136 1443 161 1475 ac
177 1424 263 1491 scriptis
276 1429 415 1477 committe.
442 1427 570 1477 clatiffimae
582 1429 706 1476 memorie
724 1426 824 1475 lacobus
840 1424 870 1475 de
884 1430 944 1475 Car·

10 1504 98 1552 troprer
113 1489 235 1553 quandam
247 1489 412 1545 honestatem,
441 1491 517 1543 raria,
531 1504 586 1540 tunc
595 1489 677 1538 Paduae
691 1489 816 1538 dominus.
829 1487 846 1535 fi
859 1502 943 1538 aurem

10 1552 31 1601 d
44 1554 171 1607 maxime,
191 1567 222 1600 ne
236 1551 267 1600 de
277 1550 415 1609 huiusmodi
443 1559 475 1601 Ar
493 1553 573 1609 uada,
590 1551 652 1617 (ubi
660 1553 743 1600 ruralis
757 1550 872 1600 habitatio
887 1567 944 1602 mea

16 1616 96 1666 meis,
112 1626 205 1678 propter
221 1629 300 1662 meam
312 1616 416 1663 incurio-
444 1567 496 1671 cisi
511 1612 686 1664 diem'clauseio
695 1617 739 1670 ,‘&
747 1619 812 1662 Deus
820 1614 883 1662 mihi
890 1629 945 1663 tam·

13 1677 85 1741 ,post
95 1693 180 1725 meum
195 1675 291 1725 obitum
302 1676 414 1740 litigetur.
444 1690 499 1727 tum
517 1675 668 1732 concesserit,
683 1676 754 1742 quod
772 1675 839 1725 valde
857 1678 944 1740 cupio,

10 1740 155 1789 tisanimam
165 1754 246 1793 meatu
257 1742 415 1801 peccatricem,
445 1741 559 1804 capellain
575 1738 610 1788 ibi
632 1741 741 1809 exiguam
766 1737 796 1786 ad
819 1739 942 1788 honorem

10 1804 92 1852 vinam
121 1800 306 1849 misericordiam
326 1804 415 1865 implo-
445 1801 581 1852 beatiffimae
601 1802 698 1866 virginis
710 1802 791 1850 Mariae
810 1801 944 1859 exstruere,

14 1899 21 1917 ‚
38 1868 64 1914 dr
79 1862 308 1925 deillaspcrantem,
324 1879 417 1912 recom-
444 1866 541 1930 illicque
548 1863 637 1928 sepeliri
645 1865 717 1928 eligo,
726 1864 818 1929 alioqui
834 1862 944 1918 inferius,

16 1928 143 1976 humiliter
152 1924 202 1974 lesu
212 1926 316 1974 Christo.
331 1929 415 1991 Eique,
445 1929 471 1974 in
489 1931 571 1990 aliquo
592 1928 648 1976 loeo
664 1925 779 1982 honesto,
794 1927 857 1986 juxta
871 1926 945 1976 ecclea

11 1988 74 2053 psius
97 1990 184 2036 animae
214 1988 311 2044 enibus‚
327 2002 352 2036 ut
369 1986 429 2037 nse'
445 1989 502 2037 stam
520 1989 602 2052 piebis.
619 1989 883 2043 SinVenetiismoriar,
896 2002 942 2049 po³

10 2069 33 2107 ι,
49 2049 134 2115 suique
149 2003 286 2099 sandissimi
300 2049 417 2115 sanguinis
445 2056 471 2100 ni
479 2053 539 2101 volo
547 2054 573 2100 in
581 2052 636 2099 ioco
648 2055 670 2097 S.
687 2046 798 2098 Francisci
807 2049 837 2098 de
850 2051 944 2104 Vinea,

10 2114 181 2176 redemptam,
203 2127 319 2176 protegat,
340 2111 416 2162 affisus
427 2141 431 2147 ·
444 2116 494 2162 iilic
515 2129 570 2163 ante
584 2113 674 2162 ostium·
687 2110 793 2162 ecclefiae.
827 2114 868 2160 Sin
889 2119 946 2162 Me-

10 2194 48 2225 >v
79 2192 123 2223 nec
143 2177 262 2237 permittar
276 2175 305 2223 ad
320 2172 415 2237 suorum
444 2178 551 2233 diolaui,
573 2189 627 2225 ante
641 2173 761 2225 ecclefiam
775 2180 800 2223 B.
820 2173 944 2226 Ambrosii

29 2238 138 2287 hostium
156 2240 281 2299 pervenire.
315 2238 353 2287 Ad
371 2239 416 2288 hoe
429 2266 431 2273 =
445 2243 508 2299 juxta
524 2242 629 2302 primum
649 2238 792 2289 introitum,
808 2239 850 2310 qui
864 2239 946 2288 civita·

15 2302 135 2351 auxilium
159 2299 293 2349 beatissime
317 2303 358 2348 Vir
373 2303 419 2350 inis
444 2301 658 2366 rismurosaspicit.
680 2303 703 2349 Si
714 2302 802 2362 Papiae,
818 2301 947 2352 incesseris

10 2361 59 2419 ire,
70 2367 96 2412 &
108 2363 171 2411 beati
183 2364 307 2413 Michaelis
316 2316 420 2412 Arciran-
448 2369 470 2412 S.
480 2366 620 2428 Augustini,
635 2364 677 2413 ubi
687 2362 796 2412 fratribus
805 2360 879 2413 visum
891 2365 945 2416 sne⁴

10 2439 141 2480 :verentcr,
157 2441 182 2473 ac
198 2426 295 2475 fidenter
304 2428 417 2488 imploro,
446 2431 483 2475 rit.
519 2430 542 2476 Si
558 2440 637 2476 autem
655 2431 759 2477 Romu,
776 2426 904 2476 inecclesia
919 2434 943 2476 S.

10 2490 103 2538 storum
122 2489 290 2552 reliquorum,
306 2505 367 2551 quos
381 2491 418 2536 in·
448 2490 528 2538 niariae
546 2491 643 2549 majoris
657 2491 695 2538 vel
710 2494 735 2536 S.-
746 2491 825 2540 Petris
846 2489 888 2538 ubi
901 2493 945 2539 erit

10 2567 53 2601 tres
79 2551 142 2613 apud
169 2551 289 2598 christum
311 2553 419 2599 iuvocare
449 2553 612 2615 opportunius,
623 2554 660 2601 vel
675 2550 864 2611 juxtaecclefiam
873 2551 945 2608 hanc,

11 2615 128 2668 [itunae
142 2609 237 2674 sperare.
271 2618 365 2675 Corpus
378 2629 419 2660 au-
448 2617 485 2662 vel
506 2616 591 2666 iilam,
612 2614 668 2663 ficut
691 2616 822 2663 canonicis
834 2613 945 2676 placebit.

10 2692 33 2724 tc
46 2690 187 2730 terrenum,
203 2678 355 2726 aemorum,
371 2692 417 2724 no·
450 2678 585 2725 Nominavi
602 2678 669 2733 loca,
691 2677 778 2742 quibus
795 2692 835 2739 per
847 2678 944 2725 ltaliam

19 2753 116 2802 gravem
136 2736 247 2784 sarcinam
263 2740 416 2793 animorum,
447 2738 576 2787 conversari
587 2738 661 2789 soleo.
695 2747 743 2795 Ac,
764 2739 896 2795 siParmae,
917 2741 946 2787 in

11 2802 79 2849 unde
93 2801 162 2862 origo
169 2798 201 2846 est
208 2796 265 2851 sibi,
280 2802 337 2848 volo
354 2801 418 2849 resti·
448 2800 541 2849 ecclesia
552 2803 650 2861 majori,
666 2800 753 2863 ubiptr
764 2803 855 2850 multos
868 2816 948 2851 annos

10 2876 24 2911 .t
33 2862 82 2911 hoc
90 2861 254 2925 absqueomni
262 2876 365 2971 pompa,
381 2861 419 2911 sed
448 2863 632 2913 Archidiaconus
647 2864 682 2912 fui
695 2866 801 2919 inutilis,
818 2866 842 2912 de
857 2861 948 2926 semper

10 2941 85 2974 mma
102 2924 251 2975 humilitate,
267 2929 291 2974 δι
307 2941 319 2972 a
337 2926 419 2981 jettio-
448 2925 498 2975 fere
513 2924 602 2976 absens.
626 2928 667 2974 Sin
676 2924 820 2991 ubicumque
833 2939 947 2975 terrarum

10 2984 127 3037 tantaeffe
142 2986 225 3050 potest.
250 2992 286 3035 De
296 3003 344 3051 quo
354 2989 419 3036 here·
450 2988 523 3041 aiibi,
544 2992 569 3037 in
584 2991 639 3038 loco
655 2989 753 3036 fratrum
770 2990 947 3040 minorum,st

10 3066 97 3105 reum,
114 3052 139 3098 dr
156 3050 246 3096 amicos
258 3065 343 3098 omnes
352 3065 419 3114 rogo,
451 3049 479 3100 srt
496 3051 542 3100 ibi:
556 3052 591 3098 iin
604 3053 738 3105 minussin
753 3046 949 3115 quacunque'alia

10 3130 37 3169 s,
65 3115 90 3161 δι
107 3110 226 3166 obtestor.
251 3112 367 3171 &adjuro
381 3128 421 3175 per
451 3113 558 3167 ecclesia,
574 3111 874 3177 quaeviciniorsueritloco
883 3131 950 3165 mor-

11 3173 179 3223 misericordix
185 3173 232 3221 Dei
241 3175 327 3228 nostri,
344 3178 368 3224 δι
382 3190 421 3238 per
452 3178 488 3224 tis.
523 3182 577 3224 Haec
591 3176 620 3224 de
634 3173 754 3238 sepulcro:
777 3176 843 3238 plura
856 3174 953 3238 fatcor,

9 3254 59 3292 em,
84 3237 101 3284 ii
116 3235 233 3300 quamad
253 3252 293 3283 mc
305 3253 421 3302 umquam
452 3254 525 3299 quam
540 3255 616 3287 virum
631 3238 730 3286 doctum
754 3237 850 3286 deceat:-
869 3240 899 3290 ab
914 3243 952 3292 in-

10 3304 61 3348 iut:
79 3295 309 3387 Nequpfaificspeiri
324 3300 424 3349 honoris
453 3301 653 3349 dustodidasmt.
668 3316 731 3348 nunc
740 3301 824 3349 accedo
836 3300 865 3349 ad
874 3303 954 3367 dispo-

356 3379 369 3388 „
453 3362 563 3388 rhun...
579 3378 743 3388 „........„1.2.....
780 3379 894 3388 ΜΗ...
907 3382 924 3388 Α,

10 3365 50 3388 und:
59 3376 109 3388 vanu
178 3376 219 3388 nn*
239 3376 258 3387 *n
268 3376 351 3388 nonnae·
383 3379 422 3388 mn
