2490 4500
270 280 274 287 ,
1055 200 1131 301 285·

110 289 209 379 abquid
221 290 292 357 mibi
305 291 399 371 ptimo
412 292 520 372 aspectu
533 292 631 353 viderit
641 292 741 356 dicere:
764 294 1130 378 sedtandemubiqaedepre-

112 377 213 443 heudo,
233 370 306 433 nihil
316 372 369 429 tuis
383 376 463 453 augit
476 374 595 429 inanius.
621 376 683 431 Hoc
695 392 784 433 autern
797 378 826 433 in
840 376 899 433 loco
915 375 984 431 mihi
997 379 1130 452 potiusti·

112 454 242 517 denduru,
263 466 346 525 quarn
362 448 562 527 indignandum
576 468 657 525 putot
677 470 738 507 cum
752 470 779 510 te
789 452 1129 528 satisegtegievideamin·

114 532 211 595 staite,
231 542 321 603 utque
331 528 398 599 quid
411 544 457 581 aut
469 544 497 582 tu
510 526 598 589 dicat,
619 528 885 591 antCiceto'sentiar,
906 531 1034 609 cogitare.
1053 534 1126 589 Cum

113 610 178 665 tuitn
191 607 227 663 de
243 594 392 667 Artificiis,
410 610 438 658 &
452 600 608 679 Quaslibet
621 600 745 661 hocloco
759 608 855 661 Cicero
871 606 980 669 traslet,
1002 608 1048 682 qui
1062 606 1128 665 libe-

113 684 169 741 ralet
182 678 318 742 habendi,
340 684 368 735 δι
380 680 428 754 qui
441 677 541 735 sordidi
554 676 619 742 smr,
641 682 819 738 Mercaturam
833 679 898 736 dicit
912 719 921 742 ,
941 680 971 754 ſs
981 686 1126 759 maritali,

106 762 235 837 sarmatam
245 758 410 833 putandam:
428 756 473 831 fin
487 774 603 830 magne,
630 756 662 815 ῤ’
677 757 795 833 copiast,
821 758 902 811 multa
916 760 1128 835 undipueeppar-

112 846 184 899 teat,
213 831 353 907 multisque
359 832 418 905 fiat
432 835 557 887 vanitate
569 834 714 907 impertiens
726 870 735 897 ,
762 856 816 891 aaa
825 836 957 889 adnrudum
968 832 1014 909 effi
1024 840 1127 911 uitupe-

111 916 225 969 taadam.
246 910 292 965 'l'u
307 925 370 963 teto
382 926 437 963 non
453 924 530 981 putat
545 906 613 963 lianc
626 906 783 965 sententiam
800 908 1123 969 rationiconseataneamt

111 988 273 1065 qnoddicas,
295 980 328 1039 de
342 986 492 1040 Mercatura
504 985 532 1037 in
549 983 702 1041 universum
717 988 801 1063 queri
813 1003 954 1060 oportere,
976 988 1127 1061 probanda,-

110 1083 141 1121 aa
153 1058 335 1139 improbanda
353 1057 393 1115 fit.
413 1060 440 1115 si
455 1059 593 1135 probanda
604 1058 658 1123 esl,
683 1062 794 1137 (inquit)
817 1058 1005 1137 prostitutam
1018 1064 1129 1139 probari·

112 1138 258 1197 institorem
272 1151 395 1213 oportet,
415 1140 461 1211 qui
474 1134 599 1209 cymbam
610 1135 737 1193 onustam
751 1140 857 1215 pipere,
879 1148 961 1211 quam
972 1142 1019 1214 qui
1029 1141 1127 1217 ingen-

111 1232 159 1273 tear
166 1216 320 1271 onerariam
334 1230 431 1267 narrem
444 1212 548 1267 ultimis
560 1230 592 1267 err
607 1215 762 1291 regionibus
774 1214 925 1271 adduxerit.
949 1216 1072 1271 Maxime
1080 1236 1125 1273 ve-

113 1310 140 1349 to
152 1292 279 1369 pertimui
293 1286 338 1344 illa
350 1306 396 1343 tua
409 1288 488 1343 verba
501 1306 535 1343 ex
550 1290 650 1344 intimo
662 1287 959 1365 artificiodeptompta,
982 1298 1010 1349 δι
1020 1292 1054 1347 ab
1063 1296 1126 1349 Ati.

113 1366 205 1425 llotelis
217 1364 394 1443 ldprotheciia
406 1382 494 1419 recent
508 1363 613 1419 edusla.
633 1368 699 1421 Non
713 1367 789 1423 enirn
805 1366 849 1423 bic
870 1368 878 1436 l
885 1367 992 1440 inquit)
1011 1367 1125 1444 questio

115 1440 400 1517 estdereiquanritate,
422 1437 464 1495 sed
476 1439 509 1495 de
520 1441 657 1515 qualitate.
677 1445 752 1498 Nam
765 1440 890 1519 quisesl,
912 1441 1035 1507 obsecro,
1052 1463 1124 1501 mer-

115 1538 178 1577 tatot
192 1519 235 1575 ille
246 1538 302 1574 tant
318 1512 474 1593 corplidens,
493 1520 539 1591 qui
554 1514 608 1571 aba
623 1519 752 1590 majorem
768 1521 797 1574 in
814 1520 927 1575 modum
941 1520 1122 1594 pertimescat,

115 1592 257 1651 bandierit
276 1612 454 1665 mercaturam
474 1591 548 1648 suam
570 1592 601 1647 ad
623 1594 830 1651 Dialesiicoram
850 1594 971 1672 scopulos
991 1603 1017 1653 δι
1039 1596 1123 1663 fittes,

116 1668 158 1727 ltoc
168 1668 221 1736 est,
240 1670 274 1727 ad
288 1672 465 1747 quantitatem
480 1686 525 1724 aut
538 1669 692 1742 qualitatem
707 1670 800 1726 etalii?
829 1670 883 1727 Pri>
901 1678 971 1727 bone
985 1674 1120 1749 luppiter,

131 1748 170 1803 uid
185 1744 281 1803 faciam
295 1750 323 1802 iu
335 1742 384 1800 ista
399 1747 557 1819 Qrantirate
566 1746 828 1819 atttQaalitaterua?
851 1750 923 1825 Ergo
935 1766 963 1803 tu
977 1747 1065 1823 logica
1078 1748 1122 1806 di·

116 1762 210 1880 leitila
230 1822 313 1887 Vide,
334 1840 473 1894 nunquam
489 1822 562 1895 quivi
577 1838 629 1898 ego
640 1818 707 1877 illuc
721 1823 877 1897 intelligere.
910 1828 989 1880 Certe
1002 1824 1023 1880 li·
1033 1824 1124 1882 crede:

118 1914 176 1962 tem,
190 1918 215 1955 re
228 1900 341 1969 maiores
358 1890 505 1975 progressus
524 1899 551 1951 in
574 1896 728 1952 Dialedlicis
746 1894 898 1961 sadturunr,
918 1898 1124 1976 abjtsioclypeo'

119 1970 195 2031 latim
209 1972 374 2053 aufugerem.
393 1972 441 2029 Sed
451 1990 552 2037 vertor,
567 1991 600 2027 tte
612 1970 629 2028 sr
642 1972 765 2029 ordinem
774 1972 927 2038 deseruero,
946 1976 1123 2035 Ciceroniani

120 2054 226 2107 nominis
249 2068 383 2107 amatores
407 2048 477 2104 milri
502 2051 644 2115 retrocessa
667 2045 728 2106 uti·
748 2050 919 2115 intendant,
956 2068 1017 2107 cum
1040 2048 1122 2111 semel

121 2122 161 2183 bot
174 2144 239 2184 aaut
255 2147 271 2183 a
287 2124 424 2183 consortio
442 2122 580 2181 Musarum
596 2123 752 2199 impositum
768 2125 946 2201 susceperim,
976 2144 1005 2183 ut
1017 2128 1046 2184 in
1061 2148 1121 2185 ate·

122 2218 170 2259 aaut
183 2224 229 2281 pro
240 2206 371 2261 Cicerone
384 2199 578 2257 descenderem.
611 2203 742 2276 incipiam
755 2220 821 2281 ergo
832 2198 922 2259 ensem
934 2200 1028 2259 dextra
1038 2203 1117 2262 latta·

121 2294 264 2351 qattotate.
305 2282 452 2341 Primum,
480 2278 541 2333 dico
556 2295 581 2333 te
596 2280 736 2334 Ciceronis
756 2275 861 2337 sensum
881 2298 938 2335 non
953 2279 1120 2359 intelligeret

90 2395 92 2405 .
122 2370 189 2431 atque
201 2356 242 2413 bic
253 2356 286 2411 de
299 2374 329 2412 ea
340 2354 484 2431 qualitate,
505 2372 588 2427 quam
604 2372 632 2411 tu
646 2372 739 2431 putas,
759 2352 810 2411 elle
824 2353 1011 2429 quaestionem.
1050 2360 1119 2417 Noa

120 2432 175 2487 etim
186 2434 326 2507 quaritur,
347 2450 437 2486 utrum
452 2428 579 2492 bonella,
600 2449 633 2486 an
647 2432 733 2507 turpis
747 2429 779 2486 st
792 2448 962 2489 mercatura:
990 2430 1042 2489 hoc
1059 2432 1117 2498 est,

120 2522 189 2563 utrum
203 2512 230 2565 iu
242 2528 272 2563 ea
287 2526 388 2570 virtut,
409 2526 444 2561 aa
457 2509 553 2562 vitium
568 2505 613 2569 stt,
635 2524 663 2563 ut
676 2524 704 2562 tu
717 2504 874 2563 existimat:
897 2505 939 2564 sed
952 2508 1119 2567 utrumlibe-

117 2580 185 2651 r'al't,
208 2604 242 2641 aa
255 2584 390 2640 illiberalis
402 2582 492 2639 habeti
506 2584 596 2639 debeat
610 2605 616 2639 :
644 2583 695 2639 hoc
708 2581 746 2638 est
761 2620 770 2647 ,
797 2602 887 2639 utrum
902 2585 1013 2660 ingenui
1024 2582 1117 2643 laomi-

117 2674 164 2722 ao,
181 2680 258 2739 atque
273 2660 378 2717 excelso
389 2661 448 2717 loco
462 2662 533 2722 nati,
556 2660 665 2715 debeant
680 2678 740 2716 eam
755 2678 896 2716 exercere:
918 2678 998 2735 atque
1011 2660 1039 2716 in
1054 2664 1117 2720 uai-

116 2738 203 2793 tersum
221 2736 361 2797 ostendit,
388 2750 557 2793 urereaturam
577 2737 682 2807 ‹dipuid
696 2736 813 2799 babere,
839 2739 909 2810 quud
924 2757 942 2791 e
962 2738 1119 2805 nobilitare,

115 2826 177 2887 etpae
192 2818 352 2889 ingenuitate
353 2812 392 2889 fit
403 2815 524 2869 alienum.
564 2815 624 2868 Nan
638 2816 704 2867 euim
710 2810 783 2887 fatis
792 2815 1042 2869 convenireuideur
1057 2851 1066 2875 ,
1085 2828 1117 2871 ut

113 2884 167 2947 lanu
180 2888 362 2963 nubiliffimus,
390 2892 422 2949 dt·
434 2888 481 2963 fiai
498 2890 628 2961 murticipii
642 2891 778 2963 princeps,
806 2903 976 2944 mercaturam
990 2904 1117 2947 exmctat.

112 2964 154 3021 tat
164 2980 247 3023 tamea
258 2986 310 3023 nou
319 2966 354 3041 est
364 2968 496 3021 odardum
508 2967 553 3020 itte
566 2966 752 3039 vituperandus
764 3001 773 3027 ,
799 2966 847 3039 qui
857 2984 975 3040 turgueat
988 2968 1021 3026 de·
1029 2970 1119 3041 capia··

105 3036 154 3113 saa
164 3056 263 3099 exercet
274 3056 471 3105 mercaturam,
503 3045 542 3096 ita
557 3053 585 3095 ut
596 3042 679 3095 multa
691 3042 802 3115 undique
815 3055 953 3115 apportet,
982 3044 1014 3102 da·
1027 3045 1117 3099 multis

102 3114 148 3189 fiae
163 3122 286 3177 uanitate
302 3120 444 3193 impertiat.
483 3120 573 3171 (imnis
591 3136 652 3173 uero
672 3120 755 3172 tenuis
772 3130 942 3181 mercatura,
966 3120 1029 3191 quia
1043 3120 1122 3176 uide··

108 3196 271 3253 tarbamiaem
283 3196 477 3269 ignobiliorem,
497 3195 655 3249 acuiliorem
669 3196 788 3257 reddere,
806 3194 961 3256 illiberalis,
984 3195 1016 3253 de
1024 3192 1118 3267 scarai-

107 3272 262 3347 deputanda
280 3270 334 3341 est:
364 3290 418 3326 tum
432 3268 576 3345 presertim
596 3274 624 3325 in
642 3288 673 3324 ea
696 3270 782 3333 uitat,
810 3282 858 3325 aut
889 3286 963 3325 arura
979 3272 1122 3346 proficient

104 3344 223 3411 laminas,
254 3346 304 3419 nisi
315 3351 447 3403 admodum
459 3350 617 3401 ritcatiantur
630 3369 638 3399 .·
670 3346 737 3401 nibil
749 3358 833 3401 autem
846 3282 889 3415 eds
894 3347 996 3421 turpius
1007 3352 1119 3406 tranite-

102 3432 134 3479 te.
164 3426 233 3481 Haec
247 3420 300 3479 suit
311 3423 450 3480 Ciceronis
464 3421 608 3486 sententia,
628 3438 688 3493 quat
702 3419 881 3497 pulcherrima
893 3417 949 3485 est,
973 3428 1001 3481 de
1016 3424 1121 3482 rationi¹

99 3496 270 3557 consentanea
284 3536 292 3564 ‚
314 3506 342 3555 dt
352 3494 482 3565 consensu
496 3495 683 3573 satagentium
698 3497 824 3553 omniunt
840 3498 1010 3571 approbatae
1034 3500 1123 3577 pluri-¹

98 3576 147 3631 tait
158 3576 234 3633 enirn
249 3578 277 3629 in
291 3576 355 3631 locit
374 3580 536 3631 Mercatores
550 3575 618 3628 iuter
630 3572 732 3630 nobiles
748 3592 803 3629 non
817 3570 969 3639 babenturt
994 3575 1023 3631 ia
1039 3577 1119 3634 ltalia

95 3654 217 3727 quamtis
230 3648 305 3707 sitam
318 3650 478 3727 dignitatem
495 3651 655 3711 obtineant,
678 3668 735 3706 aon
748 3666 839 3705 tamea
855 3646 987 3709 habentui
996 3652 1117 3715 nobiles,

93 3726 142 3789 ua
156 3728 208 3807 qrri
220 3746 341 3807 magna,
362 3726 539 3806 atqueampla
548 3727 655 3803 negotia
662 3744 772 3807 gerunt.
792 3725 865 3802 Quia
876 3726 952 3789 enlm
962 3724 1118 3787 institorem

1036 3820 1121 3870 suffla·
