2490 4500
102 281 178 356 292

108 353 269 414 definiverit.
287 349 337 411 red
348 364 410 411 eum
423 348 478 421 latu
492 343 611 424 superine
620 347 801 417 dometimur,
821 349 1008 430 apodiatiooc

107 450 137 491 re
150 427 285 506 sapilsime
296 428 367 487 idcio
383 422 431 484 ell'e
444 426 519 504 quod
531 423 708 504 distinguere,
730 433 757 484 δι
771 446 867 485 ornnes
878 432 1005 486 terminos

108 509 217 577 alicujus
229 510 266 564 tei
282 502 439 580 compleffl:
459 501 525 571 quid
536 501 590 566 est,
608 503 680 577 quod
693 505 791 560 iteruin
813 504 843 560 in
853 508 1010 562 Ciceronem

109 586 174 663 gau?
193 602 253 639 tuot
271 580 416 658 prasertim
437 577 518 641 sciat,
537 582 566 634 i'ti
579 582 675 652 Topicis
691 598 754 635 euni
772 579 881 641 doecre.
902 583 1011 655 Diru'fiir

109 659 253 732 dfinitiiii
267 659 434 715 attributum.
455 656 536 711 Tunc
548 655 622 710 enirn
638 652 680 712 ille
693 653 883 712 redicditifiile
892 653 1004 721 dicitur,

110 735 153 792 die
173 730 321 790 definierit:
351 731 401 789 hoc
419 727 473 791 est,
500 748 596 785 oinoet
615 727 733 793 formae.
763 750 823 806 qua
848 729 896 788 sub
915 733 1005 808 aliquo

109 809 389 885 comprehenduntur,
409 804 556 882 persecutus
571 803 672 870 fuerit,
691 813 718 864 δι
731 825 776 864 eae
795 809 866 865 intra
883 804 951 865 finer
969 807 1012 865 suo

111 905 197 950 ierit,
218 904 303 962 neque
323 886 403 941 ullam
424 880 629 959 pretermiseiit.
654 884 690 938 Vt
710 879 790 957 liquis
808 883 896 947 dicat,
915 904 1012 941 oroncii

111 978 167 1020 tein
188 980 234 1019 aut
255 959 409 1038 prudentia,
429 974 474 1015 aut
494 953 610 1029 justitia,
631 976 676 1015 auc
691 954 866 1022 fortitudine,
886 977 933 1017 aut
951 979 1012 1035 tenti

112 1035 236 1096 definiri:
256 1032 396 1095 relliifinia
409 1033 464 1092 hac
474 1035 525 1089 erit
539 1030 679 1097 definitio,
699 1035 1012 1109 quoniamontnisvirtui

112 1112 209 1173 formis
220 1113 359 1191 complexa
373 1109 422 1169 cst.
441 1109 526 1185 Quod
542 1107 622 1186 siquis
634 1110 750 1173 diierit,
763 1129 876 1166 omoeiii
888 1113 1012 1188 quantiti‘

112 1188 299 1266 longitudine,
318 1192 368 1245 aut'
381 1186 537 1248 latitudine,
563 1203 609 1241 aut
628 1185 768 1242 altitudine
787 1183 913 1252 definiti,
932 1207 987 1243 non
1005 1208 1012 1242 ι

113 1284 160 1325 aut
175 1269 230 1323 inte
251 1284 307 1322 iam
319 1266 355 1320 rei
366 1259 551 1318 definitionem
567 1253 677 1325 afferet,
696 1280 754 1319 noti
772 1264 847 1319 coint
867 1282 1013 1340 omnesqn

114 1284 343 1418 fitiesindagavii:
365 1358 427 1395 cuin
441 1354 566 1411 tenipus,
586 1337 693 1401 locuni,
714 1356 877 1401 numerum,
897 1342 1013 1396 oracione

114 1417 272 1475 termiseiii:
293 1434 322 1472 iit
334 1412 414 1487 liquis
430 1410 583 1470 uuiversum
597 1414 689 1469 orbeio
703 1409 826 1470 definiret
837 1414 999 1478 Occidente,

115 1489 1013 1639 llll?’quill‘iiilllifllllilliilleille2²

115 1662 177 1721 pars
187 1643 258 1699 orbis
276 1639 457 1718 protenditur:
478 1658 548 1716 pone
559 1658 655 1715 qiratto
667 1639 727 1696 loco
741 1640 833 1696 Polum
848 1639 1005 1704 australem,

117 1717 240 1777 definitio
254 1714 378 1792 perfudit.
398 1735 460 1772 nain
473 1715 546 1772 orbiu
558 1715 693 1773 universus
710 1715 752 1773 liis
763 1718 879 1792 quatuor
897 1721 1013 1799 regionib

117 1798 206 1860 nitur,
227 1793 389 1854 Occidente,
411 1792 512 1848 Verticc
528 1792 693 1867 aquilonari,
715 1794 842 1856 Oriente,
864 1795 930 1850 Polo
944 1793 1013 1851 aostr

118 1875 201 1950 igitur
214 1871 247 1926 ad
266 1889 315 1946 pro
335 1868 430 1925 ofirum
451 1885 631 1930 revertamur,
651 1887 712 1924 coni
732 1868 807 1925 docet
827 1870 925 1925 Cicero
943 1888 1013 1929 crine

116 1947 304 2025 questionem-e
324 1966 337 2002 e
354 1947 491 2018 duplicent,
519 1943 662 1999 videndum
681 1940 734 2007 est,
755 1962 789 2001 aii
810 1945 862 2001 alia
883 1946 975 2021 species
991 1966 1013 2001 ο

117 2027 226 2097 aliqua,
248 2041 306 2099 quae
326 2040 380 2077 uoti
400 2018 450 2077 hac
467 2015 625 2076 definitione
642 2022 824 2077 contineatur:
844 2021 918 2094 quod
939 2022 1013 2097 siqua

117 2099 283 2179 proferatur,
305 2099 475 2155 &accusetur
489 2098 598 2152 Cicero:
620 2116 674 2152 noo
687 2098 761 2152 enini
774 2114 827 2175 ego
839 2099 1008 2175 repugnabo.

117 2178 157 2233 do
171 2175 200 2233 fit
215 2194 288 2232 ettor
301 2170 471 2229 iiianifestus:
486 2169 502 2226 fi
517 2190 581 2228 vcro
594 2172 665 2228 nulla
674 2168 713 2227 cst
726 2172 777 2228 ulia
788 2176 899 2246 species,
930 2176 1013 2231 uotiia

117 2249 240 2309 officium
253 2268 299 2306 aut
312 2247 349 2305 est
363 2245 527 2323 perfeetum,
545 2266 591 2304 aut
602 2246 641 2304 est
656 2247 792 2304 inedium:
812 2249 878 2322 qnid
894 2194 931 2305 ed
943 2248 1014 2324 quod

118 2330 259 2404 egregium
277 2343 463 2399 preceptorem
478 2320 575 2380 hiscere
592 2324 704 2389 audeat,
723 2343 784 2380 cuni
798 2324 887 2381 videus
900 2325 1014 2382 officium

6 2412 10 2423 “
119 2402 186 2462 lime
200 2398 361 2458 definitum?
383 2400 430 2456 Sed
447 2400 502 2456 ais:
521 2418 573 2478 ego
585 2418 639 2455 noti
654 2402 690 2456 ira
703 2398 890 2456 definitionem
905 2405 1003 2477 accipio

119 2482 130 2537 i
152 2483 203 2535 itur
216 2477 329 2554 egotibi
342 2471 457 2539 faciam,
478 2473 495 2531 fi
510 2477 605 2532 latine
620 2495 675 2533 non
688 2473 821 2533 didicisti?
841 2497 891 2532 iios
905 2481 1014 2551 qiiideni

143 2552 316 2633 gnificatione
329 2553 437 2608 terbum
452 2550 503 2608 hoc
513 2553 637 2608 alatioic
648 2551 765 2627 usurpati
780 2549 988 2628 frequentissime
998 2573 1015 2604 ν

120 2651 223 2691 utnon
235 2630 334 2686 mirum
350 2625 395 2692 stt,
415 2626 639 2703 Ciceronemstioc
657 2628 715 2685 loco
728 2631 883 2684 Romanam
903 2630 1008 2705 potius!

119 2705 338 2766 consuetudinem
356 2701 488 2768 secuturo,
509 2722 592 2780 quam
607 2704 941 2761 noiolisDialeeiicoiim
957 2708 985 2763 iii
998 2709 1015 2761 li

120 2781 330 2859 superstitiones.
348 2780 431 2854 Qtod
448 2798 535 2835 autern
549 2782 645 2836 Cicero
656 2781 767 2837 voluerit
779 2776 984 2847 definitionem,
1003 2800 1015 2838 t

122 2878 207 2941 genus
223 2857 359 2933 quoddam
381 2853 443 2918 elle,
463 2855 537 2929 quod
557 2855 715 2912 divisionem
733 2857 817 2911 etiarn
836 2860 1011 2934 complcdiattt

122 2942 152 2993 i'n
166 2937 263 3009 Topicis
280 2949 368 3008 aperte
385 2931 541 2994 declaravit,
563 2932 608 2988 ubi
625 2929 784 2988 ditifioneni
804 2939 830 2988 dc
846 2938 1015 3007 partitionem

123 3013 193 3069 aioni
210 3009 362 3067 attributam
381 3006 429 3063 effe
441 3007 531 3072 docet,
552 3025 609 3064 iuni
624 3010 705 3064 etiam
725 3005 839 3063 secundo
856 3012 887 3065 de
900 3012 1015 3076 Finibus.

123 3090 166 3146 tis
187 3106 243 3144 riori
261 3103 316 3141 iam
335 3102 439 3160 aperte,
465 3084 510 3140 ubi
534 3084 589 3143 inec
608 3087 685 3139 verba
704 3086 874 3147 notavimus,
896 3089 985 3142 Omnis
1005 3108 1015 3142 i

122 3165 269 3241 quiet-ettilo,
289 3179 343 3235 que
355 3164 403 3216 via
414 3164 525 3234 quadam
538 3164 677 3223 &ratione
688 3161 794 3215 bahem
804 3165 901 3223 cretio,
911 3161 1016 3237 prescii·

123 3261 191 3296 tttttm
211 3240 297 3299 delet,
315 3250 345 3292 ur
361 3237 508 3311 quibusdam
530 3241 557 3292 itt
570 3236 738 3313 fortitudini
762 3250 929 3311 tetigitur,
951 3242 1015 3294 utin

123 3313 256 3389 differ-itur
267 3316 420 3374 conueniat,
438 3315 504 3383 quid
517 3313 551 3382 fit
565 3317 606 3376 id,
628 3316 718 3384 dequo
733 3309 881 3386 diffitetur.
908 3316 979 3369 Cum
996 3333 1016 3370 ei

123 3408 180 3451 eet,
202 3407 231 3446 ut
245 3388 402 3464 quibusdam
420 3388 447 3442 in
464 3388 589 3445 formulis
604 3408 643 3445 res
660 3405 769 3466 agatur,
793 3406 850 3442 non
862 3389 934 3445 aliod
954 3407 1016 3446 certe

124 3463 177 3522 nist
189 3484 217 3521 tit
229 3467 257 3520 iii
268 3461 369 3520 forinas
382 3481 411 3519 uc
424 3465 519 3535 species
532 3462 747 3542 distinguamus„
760 3481 790 3518 ac
803 3459 965 3521 definiamus
979 3465 1016 3521 id.

124 3536 307 3613 disputamus,
327 3559 382 3615 quo
394 3535 499 3596 facilior
509 3541 575 3612 quid
591 3539 636 3602 fii,
657 3532 733 3614 pollii
747 3538 872 3614 intelligi.
898 3545 1012 3616 Hucper

127 3613 294 3689 quodetiam
308 3617 335 3672 itt
348 3612 462 3671 secunda
473 3616 756 3691 qoaeliionediiimus.
777 3614 884 3672 Cealius
896 3619 969 3674 cuim
983 3637 1014 3692 ap

125 3709 221 3750 ionem
239 3692 318 3746 certio
335 3689 369 3746 de
381 3693 496 3748 Oratore
516 3689 549 3748 fic
569 3692 705 3768 loquitur:
724 3698 812 3765 Atque
833 3695 921 3748 borum
936 3693 1016 3767 superi

122 3786 203 3845 gem
216 3764 317 3841 causatu
334 3780 382 3824 aut
397 3769 592 3846 conrnunfiini
613 3769 768 3846 appellant,
783 3786 887 3845 mque
903 3768 1016 3829 trilici.
