2490 4500
1067 213 1138 285 261

130 304 271 385 prudentes
282 322 299 362 a
311 304 441 363 Latinita
495 304 552 363 llari
570 305 667 365 solent:
687 324 717 365 τιτ
729 308 758 365 iti
771 306 841 367 libro
851 306 885 365 de
891 308 977 367 Clitis
989 308 1141 367 oratoribus

131 386 219 441 cnuto
231 381 331 445 tradit,
352 322 505 457 umnetviie
515 387 613 440 Stoicus
626 405 653 439 ιιι
671 384 808 459 diffitenda
824 384 1023 461 prudtnriffiiiiot
1033 384 1087 461 effi.
1108 391 1137 441 dc

131 462 156 517 itt
171 460 241 517 libro
254 458 290 515 de
304 460 447 520 Amicitia,
467 460 499 514 L.
512 463 625 514 Acilium
640 468 785 534 prudentem
803 466 831 518 ιἰι
843 461 905 533 jure
915 465 989 518 ciuili
1001 476 1087 521 vicet.
1107 466 1136 517 δι

132 538 200 592 tenio
216 536 254 591 de
273 536 389 591 Oratore
410 534 516 593 scribit.
537 538 675 599 Roiiieros,
695 558 739 611 qui
760 540 882 595 excellere
893 538 1031 611 fltpientie
1043 540 1135 615 gloria

131 614 236 673 uellent,
259 616 344 667 omitia
362 631 415 683 que
430 615 526 666 civitat
544 612 636 687 nuffir,
654 613 743 683 sititor
755 613 799 689 effi
810 616 945 687 coniplci‘li.
984 634 1063 689 arque
1082 614 1136 669 ibi·

130 684 183 743 dem
207 686 383 763 paulopost,
402 691 540 755 Scipionem
556 685 770 763 prudeittiffiinuiii
785 692 905 746 bominem
925 694 1054 765 appellnt,
1072 706 1135 764 pre·

89 789 95 811 ·.
128 776 207 837 pterea
227 766 300 837 quud
311 766 443 820 excelleret
453 764 597 838 snpientia.
637 768 701 822 Hac
717 764 769 821 suit
786 768 894 842 (inquit)
917 768 945 823 P.
961 764 1043 821 Ctalli
1064 768 1133 823 illim

71 827 100 870 Γ
128 842 230 897 teterit,
253 840 309 897 hac
320 842 357 897 T.
373 842 547 905 Coruncani,
570 840 625 897 hac
643 845 733 916 proavi
751 860 840 917 generi
861 845 914 898 mei
933 846 1049 917 Scipioni
1070 859 1134 919 ptu-

86 982 89 987 Ι
122 912 269 992 ¹‹lentillimi
283 914 404 972 lioniinis
416 916 558 989 sapientia,
577 919 622 993 qni
635 936 729 973 ornnes
741 914 879 973 Pontifices
889 921 1002 973 matiini
1014 916 1132 979 l'ueiunt,

90 1024 94 1030 ·
127 1008 151 1047 tt
164 992 196 1047 ad
209 1011 260 1047 τοι
271 990 304 1047 cle
316 992 443 1047 omnibus
456 992 556 1046 divinis
569 1012 647 1065 atque
661 993 786 1049 humanis
804 994 879 1049 rebus
892 992 1039 1049 referretur.
1080 998 1133 1050 lta·

122 1086 173 1141 ,qne
186 1064 205 1123 fi
219 1086 276 1123 ram
294 1070 387 1123 Latine
398 1068 475 1141 loqui
489 1066 635 1131 didicisses,
654 1088 736 1143 quain
751 1068 920 1134 maledicere,
934 1090 988 1125 non
1003 1068 1066 1125 illud
1077 1072 1133 1145 pri-

103 1160 196 1199 ·mum
218 1162 344 1215 negares,
365 1143 552 1207 Ptniieiitiam,
571 1147 769 1219 &Sapientiam
789 1144 901 1201 eandem
924 1141 972 1202 else
993 1150 1131 1201 virtutem.

124 1220 207 1275 Placet
220 1222 305 1297 igitur
320 1218 387 1276 milii
411 1222 502 1293 ptimo
521 1220 670 1283 declarate,
692 1220 756 1299 quid
777 1221 845 1296 apud
858 1224 967 1279 latinos
984 1222 1131 1279 Prudentiae

124 1298 296 1369 aeSapientiae
309 1296 464 1351 vocabulum
480 1292 623 1369 significet,
643 1299 738 1353 deinde
750 1302 801 1353 tuit
814 1300 979 1375 argumentis
991 1296 1131 1373 responde·

124 1390 157 1427 te.
197 1374 231 1429 Et
243 1390 374 1447 quoniam
390 1390 473 1427 nemo
484 1370 522 1427 est
536 1391 591 1428 tam
604 1374 711 1449 iniquus
726 1373 820 1443 judex,
840 1376 885 1450 qui
899 1376 986 1431 Latini
1000 1372 1131 1431 sermonis

125 1450 327 1525 proprietatem,
353 1454 380 1503 St
400 1450 579 1525 principatum
598 1452 724 1505 ciceroni
744 1470 799 1505 noti
817 1448 894 1507 facile
912 1448 1052 1514 coitcedat,
1073 1468 1132 1506 utar

124 1523 173 1592 titii
193 1522 229 1581 aA
250 1522 317 1580 lianc
336 1542 391 1581 rein
412 1523 577 1599 probandam
598 1527 747 1581 autoritate.
788 1530 879 1583 Primo
892 1528 973 1603 igitur
990 1526 1065 1589 dico,
1083 1531 1132 1583 Sa·

124 1602 252 1675 pientiam
266 1600 349 1657 tribus
366 1604 487 1655 maxime
500 1600 576 1657 rebus
594 1606 738 1658 contineri:
760 1606 834 1661 Nam
848 1611 874 1659 St
890 1605 1025 1659 scientiam
1039 1622 1130 1660 rerum

124 1676 275 1733 divinarum
294 1694 372 1745 atque
396 1679 595 1741 humanatum,
616 1676 807 1753 causarumque
822 1680 919 1755 quibus
934 1680 973 1737 lie
989 1699 1028 1735 res
1043 1681 1131 1735 conti·

125 1770 231 1814 nentur,
254 1750 396 1829 fignificat:
416 1760 442 1808 St
455 1749 510 1809 lraec
521 1772 566 1827 pet
587 1752 807 1811 Aittonomafitm
823 1758 929 1830 proprie
944 1756 1076 1831 Sapientia
1088 1754 1132 1810 di·

124 1846 202 1891 titur,
224 1844 307 1903 quani
328 1831 403 1905 pinei
423 1848 513 1883 tamen
535 1828 643 1903 adipisci
668 1828 790 1905 poliunt.-
812 1831 881 1886 unde
893 1832 963 1907 jilix
980 1850 996 1885 a
1015 1830 1130 1907 Virgilio

124 1902 233 1967 dicitur,
253 1908 298 1979 qui
308 1909 393 1979 putuit
407 1896 492 1960 terium
503 1906 645 1981 cognoscere
658 1906 757 1977 causis.
780 1907 867 1962 Altera
879 1908 1017 1981 Sapientia
1029 1903 1130 1981 signifi·

124 1984 188 2038 tatio
207 1976 263 2043 est,
282 2000 341 2037 eum
361 1982 487 2057 accipitur
507 2000 556 2055 pio
574 1982 729 2057 cognitione
751 2002 842 2039 retum
863 1984 1026 2045 mularum,
1047 1986 1130 2059 longo

90 2125 94 2131 Ι
125 2054 166 2113 risu
178 2054 319 2127 aequisita:
339 2060 441 2133 quoin
460 2076 556 2135 genere
577 2077 644 2112 artes
658 2075 767 2121 omnes,
788 2066 813 2113 Sc
829 2055 942 2114 scientia:
953 2056 1131 2133 eomprehen-

83 2139 87 2148 '
125 2128 230 2189 duntur.
267 2134 375 2197 Tertia,
397 2152 457 2189 cuin
471 2152 520 2207 pto
531 2134 695 2195 constantia,
717 2140 743 2190 δι
757 2132 940 2190 moderatione
954 2134 1022 2189 rusie
1038 2140 1064 2189 Ac
1080 2130 1130 2188 lin·

126 2206 191 2266 uene
203 2208 310 2265 nitendi
324 2210 440 2285 capitur:
459 2228 537 2285 atque
551 2208 606 2265 lixc
616 2211 710 2265 omnia
725 2208 868 2283 prudentia
886 2212 997 2265 nomine
1008 2228 1130 2285 conipte-

125 2280 289 2347 iiendnntut,
308 2288 431 2359 quamtis
445 2284 547 2341 duobus
560 2288 587 2341 in
607 2283 747 2363 postremis
761 2286 915 2363 plerumque
931 2288 1076 2343 l‘tuilentioe
1089 2288 1130 2343 tia

124 2376 257 2435 appareat,
285 2380 380 2417 eorum
405 2363 478 2417 enim
506 2364 626 2438 cognitio
652 2362 749 2436 spec‘iat
775 2361 807 2418 ad
835 2365 969 2419 actionem
990 2362 1127 2437 aliquam,

123 2439 244 2493 omnium
259 2454 347 2494 autem
362 2434 533 2493 honestatum
557 2438 694 2495 adionum
712 2438 880 2494 l'rudtiitiain
901 2438 951 2494 esse
969 2440 1129 2495 moderatri-

122 2530 174 2567 cem
188 2510 319 2569 statuunt.
358 2516 391 2569 Et
402 2516 532 2589 quoniam
544 2512 696 2570 officiorum
714 2511 764 2569 boc
778 2513 836 2571 loco
847 2534 974 2589 praccepta
986 2516 1065 2570 tradit
1080 2520 1129 2569 Ci-

122 2606 193 2651 tcto,
215 2607 277 2665 que
287 2607 399 2665 quatuor
413 2591 528 2663 partium
542 2591 665 2646 oriuntur
680 2610 713 2645 ex
729 2589 832 2665 aliqua,
853 2592 944 2665 ptimo
954 2590 1049 2647 tranat
1067 2609 1129 2646 eant

121 2682 244 2737 partem,
271 2684 330 2739 qux
342 2670 369 2721 in
389 2667 570 2739 perspicientia
590 2668 666 2731 teti,
692 2664 846 2745 solertiaque
859 2667 986 2723 versatur:
1008 2664 1061 2721 hoc
1079 2663 1129 2730 est,

121 2758 175 2813 quae
189 2738 223 2797 ad
240 2738 359 2797 scientius
376 2759 505 2816 pertinet,
525 2748 552 2797 &
566 2740 598 2797 acl
618 2742 802 2815 explicandam
823 2744 953 2799 rationem
972 2762 1060 2799 retum
1081 2760 1130 2819 ge·

73 2869 80 2881 ,
119 2816 281 2879 tendarum,
301 2836 360 2891 quat
382 2814 520 2873 teliilsimc
537 2819 709 2894 &Sapientia
731 2826 757 2873 a·
778 2818 920 2875 Prudentia
942 2818 1027 2895 potest
1038 2818 1131 2894 appel·

118 2890 174 2949 lari.
212 2893 299 2965 Quod
318 2911 406 2949 autem
421 2894 560 2967 sapitnnae
576 2912 676 2949 numen
693 2892 722 2948 sit
737 2913 883 2950 commune
901 2896 933 2952 iis
949 2896 1041 2957 tebni,
1061 2912 1129 2965 quar

80 2992 83 2999 ·
117 2968 194 3041 paulo
207 2986 270 3023 ante
282 2968 417 3032 diximus,
439 2970 559 3024 maxime
570 2968 734 3045 perspicuum
749 2968 801 3025 est:
823 2978 849 3026 Se
868 2970 901 3025 dc
920 2973 1127 3047 primaqnidem

117 3040 312 3121 significatione
327 3044 429 3101 nemini
447 3042 559 3100 dubium
580 3044 630 3102 esse
647 3044 785 3101 existimo.
804 3050 865 3119 quii
882 3044 921 3102 est
932 3050 1005 3103 enim
1019 3048 1066 3121 qui
1083 3064 1129 3101 ne·

116 3116 192 3183 sciat,
212 3122 377 3195 Sapientiam
404 3120 496 3177 multis
515 3122 543 3176 in
559 3121 622 3177 locis
633 3140 649 3177 a
661 3124 789 3177 Cicerone
803 3122 836 3178 lic
851 3118 975 3189 definiri,
997 3140 1025 3177 ut
1037 3120 1127 3185 dicat,

114 3198 275 3269 Sapientiam
292 3192 337 3269 effi
358 3215 443 3251 rerum
464 3198 614 3251 diuinarum
631 3212 708 3269 atque
723 3200 891 3253 bumanorum
908 3196 1067 3272 scientiam,
1085 3218 1128 3253 tu-

109 3276 313 3347 petitionemque,
333 3290 388 3347 que
402 3270 478 3345 ceufie
495 3271 611 3345 cujusque
632 3277 670 3328 rei
681 3273 730 3346 ſse.
744 3292 803 3348 qua
816 3291 906 3329 tamen
920 3270 1077 3329 definitione
1088 3274 1128 3329 vi·

114 3350 209 3405 δτιιτιιι
220 3348 317 3403 omnia
327 3344 536 3422 comprehendi,
553 3368 610 3423 quae
622 3348 754 3405 diximus.
776 3352 819 3405 Ab
831 3348 879 3403 liae
889 3349 1012 3405 dosirina
1026 3348 1126 3425 sepiem

111 3422 149 3483 illi
167 3421 241 3501 apud
253 3426 363 3481 Gtaecot
382 3442 437 3479 uno
456 3442 575 3497 tempore
595 3425 765 3500 sapientes&
783 3424 865 3481 babiti
883 3423 959 3484 sunt,
982 3432 1008 3481 Sc
1023 3443 1126 3481 uocati:

111 3516 180 3575 quot
196 3500 279 3557 tertio
297 3498 329 3555 de
342 3500 458 3555 Oratote
475 3498 550 3555 docet
568 3502 663 3555 Cicero
686 3498 762 3555 fnisse
782 3498 1009 3575 prudentissimos,
1028 3504 1129 3577 quippe

107 3578 154 3651 qui
168 3594 284 3639 omnes,
327 3592 399 3633 inter
416 3572 550 3630 Milesium
565 3574 701 3641 Thalem,
720 3576 870 3631 civitatibus
888 3574 938 3631 snit
954 3576 1127 3651 prosuerunt,

107 3652 151 3707 De
165 3649 280 3708 secunda
295 3593 489 3729 significatione
503 3652 619 3724 plurima
633 3652 692 3707 sitiit
703 3652 844 3725 exempla,
864 3652 904 3708 sed
919 3651 980 3709 illud
997 3656 1129 3729 inprimit

108 3726 182 3807 apud
196 3728 359 3787 Ciceronem
376 3726 445 3785 libro
459 3724 647 3793 deamicitia,
667 3727 714 3785 ubi
729 3730 845 3785 fantinus
862 3729 971 3785 [aliurn
988 3730 1131 3860 aliiiqniilne

742 3822 754 3859 i
778 3822 788 3874 3
1107 3824 1133 3863 ,ις
