2490 4500
107 218 181 297 260

105 324 165 376 ueri
183 336 261 375 rmum
274 317 328 393 fit:
354 321 447 395 quique
462 320 494 380 d·
506 311 682 393 aeutiffime&
692 316 823 374 eulmine
836 312 919 391 petest
939 315 972 377 d·
986 313 1066 372 uidete

105 398 233 469 explicare
260 399 402 456 tutionem,
441 393 680 471 tfeprudeutifflmut
699 395 730 456 de·
748 389 947 524 fisflmi'fflmm
966 393 1016 447 rite
1032 390 1077 447 tul,

99 465 180 543 solet.
219 474 280 528 Hoc
298 474 420 547 primum
441 490 524 547 nego,
546 472 756 547 prudentiam&
782 469 929 543 apientiam
949 466 1077 527 eandem<

107 546 244 603 virtutem.
283 550 357 604 Nam
378 551 514 623 prudentia
531 547 565 621 est
583 546 676 605 exutio
701 564 786 603 rerum
802 545 970 601 dumuuuruttt
985 545 1012 599 di
1025 557 1077 599 tren

108 639 161 695 que
176 625 203 678 in
222 624 329 699 cenfiiiis
342 626 373 685 d*
385 626 496 678 omnibus
511 626 543 679 iis
554 643 608 697 que
626 622 654 679 iu
666 624 850 679 dubitationem
863 624 992 683 neutuut,
1008 620 1077 675 donis

108 710 164 753 tur.
194 697 326 774 snpientia
347 698 480 773 nrcttmesl
500 719 582 755 terum
600 702 766 755 humanarum
783 700 985 769 diuinarumque
1003 697 1077 770 ruguit

108 776 176 833 naec
187 776 216 831 in
231 777 262 831 iis
275 796 334 847 quae
347 772 449 850 semper
460 774 554 831 eodem
571 776 653 831 modo
665 773 689 830 se
706 770 814 836 babent,
826 772 928 829 diuinis
940 790 1005 847 puta
1016 778 1077 827 &ct

110 850 170 913 uis,
180 848 305 907 versetur.
329 851 474 907 Prudentis:
491 871 604 912 munus,
624 869 747 907 nontam
762 868 823 904 vera
836 857 862 905 de
876 838 962 910 sall'a,
980 847 1077 923 quaml

110 945 148 983 nt
159 935 184 984 de
200 927 283 990 mala,
305 924 540 990 utilitum-rnna,
562 946 577 982 a
598 926 708 1002 petenda
722 934 749 983 δι
763 920 819 983 refu
841 923 920 981 ienda
933 923 1077 979 intermisce

110 1007 192 1078 Super
214 1006 246 1073 iis
265 1000 459 1065 consultamus,
479 1022 537 1077 qnae
557 947 631 1059 alter
649 1021 728 1079 atque
740 944 879 1079 aliterlese
893 999 991 1056 bebere
1005 986 1077 1074 possut

132 1096 224 1156 uaeque
242 1082 367 1149 adiutrice
380 1078 501 1155 indigent
520 1077 637 1136 fortuna.
671 1098 735 1135 nam
754 1078 900 1134 reluctante
919 1072 1043 1132 suerunt.

110 1098 289 1212 denualdum
303 1174 440 1233 uunquam
451 1153 532 1211 finem
543 1151 709 1232 adsequatur.
751 1158 786 1208 At
799 1142 928 1228 sapie'ntirt
947 1170 1004 1209 tem
1021 1094 1077 1207 subl

112 1236 139 1287 &
160 1228 260 1287 excelso
274 1232 331 1289 loco
348 1230 431 1307 polita
444 1228 497 1296 est,
518 1250 546 1287 ut
558 1250 645 1287 rerum
660 1230 838 1287 humanatum
848 1222 1037 1285 vicillitudinet
1047 1228 1077 1283 lor

111 1302 247 1382 despiciet,
269 1305 432 1383 sortnnaeque
445 1305 523 1381 ipfius
538 1309 681 1382 imperium
696 1304 765 1362 nibil
783 1306 816 1360 ad
831 1298 854 1361 se
870 1306 1003 1381 pertinere
1019 1304 1077 1360 arbit

112 1400 166 1439 tur.
196 1385 236 1437 De
250 1382 388 1457 prudentie
402 1388 478 1438 verba
493 1380 551 1439 suin
566 1380 730 1445 Aristotelis,
752 1401 833 1456 quern
850 1382 907 1450 jure
922 1382 999 1435 Plato
1010 1378 1077 1455 plrilo

112 1456 198 1533 plrurn
217 1460 333 1512 veritatis
353 1457 510 1533 appellabat.
548 1460 654 1514 Videtur
668 1462 757 1532 itaque
772 1452 977 1532 prurientieeffe,
997 1458 1077 1512 benet

105 1530 195 1608 fitlert
212 1530 276 1607 puffe
289 1536 355 1587 circa
368 1554 415 1595 en,
436 1553 490 1605 que
499 1534 552 1609 fili
563 1532 629 1609 flent
642 1534 724 1597 iuna,
743 1554 773 1589 nc
790 1530 913 1608 prosunt:
930 1553 981 1588 nun
994 1534 1077 1605 ulique

110 1621 206 1683 purte,
225 1623 253 1661 ut
266 1626 379 1680 quenmu
398 1608 606 1684 adfinitatem,
626 1611 765 1673 ueiviret,
774 1607 827 1684 secl
839 1627 893 1682 pue
910 1606 952 1663 nc!
964 1611 1023 1663 dene
1035 1610 1077 1661 triu

114 1687 173 1739 dum
186 1687 284 1739 omnino
294 1687 444 1740 conducent.
483 1690 638 1759 Arpnmtuto
652 1682 686 1757 est
698 1690 730 1741 id
739 1689 777 1740 ite
793 1680 852 1758 effe,
874 1703 914 1741 eut
926 1689 1006 1749 etium
1021 1684 1077 1757 puli

113 1780 142 1816 eu
165 1761 269 1833 aliquid
282 1760 438 1835 cinsentnr,
462 1765 596 1835 prudentes
613 1764 678 1817 diei:
699 1781 774 1835 quum
802 1762 859 1815 bene
883 1763 920 1816 ad
936 1754 1077 1835 finemsttu

107 1834 169 1912 firm
190 1840 300 1909 aliquem
320 1837 521 1911 excogitaverint
544 1857 595 1900 en,
620 1856 723 1909 querum
743 1838 816 1892 nulia
840 1835 874 1909 esi
893 1855 951 1892 ars.
989 1838 1075 1910 Qun

116 1914 216 1985 pennino
227 1914 374 1989 ,prurientis
393 1911 427 1987 est
436 1950 443 1974 ,
464 1914 507 1987 qni
518 1914 556 1967 nd
569 1908 807 2045 consultandumpst
824 1926 909 1987 npttu.
950 1910 990 1969 Ex
1006 1915 1038 1967 ns
1053 1906 1077 1965 sa

115 1988 266 2067 intelligas,
285 1988 452 2063 prudentiam
471 2006 524 2043 uon
540 1989 608 2044 circa
621 2007 680 2043 tera
694 1996 720 2045 δι
731 1985 795 2045 sala
814 1984 877 2057 [hoc
892 1989 968 2043 enim
983 2005 1077 2045 cummi

115 2062 156 2121 est
171 2064 282 2121 humani
295 2065 398 2128 animi,
412 2067 590 2139 omniumque
600 2064 727 2120 virtutum
743 2062 920 2141 proposrtnml
943 2062 986 2119 sed
1000 2065 1077 2119 circu¹

116 2141 186 2199 lit&
196 2138 300 2196 inutilia
310 2139 416 2197 versari.
454 2140 501 2195 Sed
515 2139 579 2214 quid
594 2159 646 2216 ego
660 2142 806 2220 peregrinis
818 2139 1038 2195 advocationibus
1051 2156 1077 2191 ut

117 2236 202 2291 quum
218 2217 313 2271 Cicero
325 2235 380 2271 nou
403 2214 489 2271 multo
503 2212 631 2290 posterius
643 2215 736 2271 eodem
752 2217 821 2273 libro
834 2212 958 2273 adversus
972 2214 997 2273 sc
1010 2206 1077 2271 testis

117 2294 195 2347 nium
210 2286 295 2351 dicut,
317 2306 347 2346 ut
359 2290 400 2347 bic
414 2310 496 2366 prope
511 2287 548 2348 sui
561 2291 658 2347 oblitus
672 2292 800 2349 videatur.
824 2290 886 2365 Ejus
898 2290 979 2349 verba
992 2309 1046 2347 nou
1056 2290 1077 2365 pi

116 2366 157 2424 bit
176 2364 345 2421 subscribere:
374 2370 533 2431 Prudentia,
560 2387 636 2441 ptum
655 2368 737 2424 Greci
759 2364 880 2437 epicuru,
904 2370 988 2424 ulium
1006 2386 1077 2442 quum

117 2443 301 2518 intelligimus,
319 2440 354 2513 esi
371 2462 454 2496 rerum
469 2446 661 2517 expetendarum
675 2442 906 2521 fitgt'endurumpue
919 2443 1032 2518 scientia

117 2534 201 2574 autent
221 2516 368 2593 sepientis,
389 2537 464 2591 quom
481 2520 618 2595 principem
636 2522 710 2584 dixi,
731 2540 815 2576 rerum
839 2518 873 2587 εβ
890 2520 1042 2577 diuinarum
1055 2532 1077 2574 et

117 2597 282 2650 humanarum
295 2592 423 2667 scientia,
448 2599 476 2648 in
496 2615 545 2670 qua
564 2596 708 2652 corrtinetur
725 2598 825 2653 deorum
840 2592 871 2656 dt·
884 2597 1011 2653 bominum
1029 2615 1076 2651 con

119 2686 199 2731 netur,
209 2668 351 2745 susurretur
363 2685 432 2727 enter
443 2670 518 2746 ipsus.
539 2672 569 2727 ln
582 2668 630 2739 linc
641 2690 707 2748 ergo
717 2668 862 2747 questione
877 2691 933 2726 non
949 2671 1067 2734 aliunde,

119 2747 174 2818 alio
184 2745 324 2809 libentius,
345 2765 426 2823 quam
447 2766 461 2803 a
474 2750 602 2805 Cicerone
615 2747 811 2806 adCrceroncm
824 2749 1027 2823 appellaverim.

249 2902 309 2969 M.
320 2904 401 2970 Ant.
416 2904 591 2995 Majorrgii
604 2900 722 2988 Desiste
736 2898 857 2969 decimu
864 2901 1010 2994 septime.

120 3026 263 3177 ΝΛΜ
284 3029 357 3105 quod
375 3031 493 3107 sequenti
511 3033 595 3106 capite
613 3033 772 3090 Ciceronem
793 3032 917 3100 accusas,
937 3037 1069 3111 quoniam

210 3104 241 3160 de
256 3107 412 3167 Prudentia,
434 3128 462 3163 ac
473 3109 604 3182 Sapientis
617 3110 750 3187 agendum
771 3113 914 3187 proponit,
934 3130 1077 3189 utrumque

122 3186 198 3236 detur
215 3182 252 3236 ita
270 3182 460 3245 commiscere,
480 3201 508 3239 ur
529 3203 583 3238 non
605 3184 681 3241 lacrle
705 3186 852 3262 intelligas,
872 3187 938 3265 quid
961 3191 1075 3247 Prudens

121 3258 256 3330 Sapientia
268 3248 394 3320 differet,
414 3258 519 3332 quodve
534 3257 564 3315 lit
580 3261 715 3335 utriusque
738 3281 851 3319 munus:
875 3282 930 3319 non
945 3262 1077 3331 dubiem«

76 3378 79 3385 .
120 3349 217 3387 omnes
245 3334 406 3413 agnoscant,
432 3337 600 3391 relatiuam
621 3337 741 3414 linguam
765 3358 904 3410 nunquam
925 3339 1063 3409 didicisse,

122 3404 237 3471 nescias,
258 3409 328 3485 apud
348 3413 456 3466 Latmos
475 3411 611 3487 scriptores
631 3417 769 3489 Sapienriae
789 3418 901 3472 nomine
926 3410 1077 3495 Philosopls

123 3483 255 3538 rationem
267 3504 379 3542 omnem
392 3490 538 3551 contineri,
557 3489 597 3544 vel
609 3506 666 3564 quae
679 3489 710 3544 de
723 3493 776 3545 vita
786 3498 812 3547 it
824 3492 945 3547 moribus
958 3494 1077 3560 traditur,

122 3559 300 3616 denatura&
315 3564 389 3618 rebus
410 3564 535 3629 occultis,
556 3568 595 3620 vel
617 3567 649 3619 de
664 3559 825 3630 disserendo,
845 3574 872 3624 dt
893 3568 959 3645 quid
978 3590 1072 3627 verum

124 3631 189 3711 quid
203 3631 314 3698 sellium,
337 3637 401 3712 qnid
417 3640 519 3695 redium
533 3642 561 3696 in
575 3643 694 3697 oratione
708 3656 852 3718 pravumve
861 3682 869 3708 ,
878 3645 945 3721 quid
958 3646 1077 3704 consenti

123 3708 188 3788 quid
201 3726 345 3791 repugnet,
364 3714 518 3787 judicando.
558 3719 636 3793 Qus
646 3720 692 3793 qui
704 3717 801 3796 ,adepti
822 3715 923 3779 suerint
943 3719 1068 3782 scientias
