2490 4500
94 336 101 365 '¹
126 340 198 409 lloysit
213 345 284 396 latete
298 335 392 404 iuvenis
406 349 524 407 nmquam
533 331 655 414 ¹discedit?
676 331 797 392 Abrabam
811 332 876 393 lsotl'i
891 338 1079 409 proficiscentem
1093 358 1150 394 nort

123 406 211 461 desunt.
231 411 308 458 Helia
325 423 409 459 cornea
424 405 470 455 fnit
484 401 607 460 Heliseus,
623 406 704 456 Paullo
724 407 803 458 Silari,
820 407 977 462 Timotheus,
992 407 1068 455 'litua
1092 409 1149 472 qui-

124 472 263 524 bmaliiaddi
274 468 376 536 possunt.
392 483 449 519 nam
458 469 572 530 exemplis
580 469 663 518 divites
671 468 763 523 liumus,
779 465 857 531 spiritu
864 483 979 535 pauperes.

117 539 130 580 .’
148 540 258 600 Quantur
266 537 294 584 in
303 532 405 590 officiis,
438 529 507 580 itibus
520 529 589 579 rebus
601 546 761 594 comparetur,
775 546 931 598 augeaturque
944 532 1049 594 pecunia.
1070 545 1146 595 quor-

124 592 175 647 sum?
189 613 249 645 nant
270 597 338 646 beata
354 600 402 644 vita
418 547 506 644 divitiis
522 608 573 642 non
587 607 646 658 eget.
670 598 781 659 Regnum
791 597 855 650 Dei,
869 590 1062 659 pauperumcsse.
1077 596 1151 645 dooet

115 662 278 724 lllngel'lum.
297 665 328 708 Et
342 659 480 722 Apostolus:
496 659 549 720 Qec
563 662 616 702 miln·
625 662 685 705 lucra
698 666 805 716 lurtum,
821 663 861 705 bat·
877 662 931 704 dtrxt
945 674 1028 723 propter
1042 662 1148 716 'largitam

119 727 248 770 destruente.
266 735 423 786 opponuntur
434 721 501 769 eninr
516 722 684 772 tricennaria,
699 721 798 770 divitem
813 718 857 768 fibi
869 719 929 772 etse,
945 735 1068 783 pauperem
1084 725 1150 769 Deo>

117 784 205 834 diuitem
216 791 289 841 Deo,
305 799 429 848 pauperem
440 781 491 831 sibi.
507 786 564 848 Qua
574 781 590 828 li
617 782 866 846 uisreliediliinguit,
882 785 941 831 vivet
950 785 975 830 in
984 796 1105 831 aternum.

141 853 183 904 Et,
197 849 321 913 quoniam
338 848 367 896 de
382 847 439 895 utili
450 843 574 908 disputatio
628 879 634 897 ,
649 842 704 894 seire
713 859 821 908 oportet,
836 846 933 893 utilium
941 846 991 893 duo
1000 842 1044 892 ell'e
1053 860 1149 907 genera,

113 925 181 959 unum
196 927 225 959 ex
241 910 407 958 multitudinis
422 909 549 973 opinione¹
564 908 665 957 alterum
681 905 838 970 esapientunt
853 905 975 956 sententia.
1004 910 1081 970 Vulgo
1095 921 1150 974 quat

114 972 138 1020 ad
149 974 242 1021 vicium
257 1007 266 1029 ,
291 974 441 1024 &¹eulru1n,
462 986 513 1035 quat
526 970 555 1019 ad
568 986 596 1018 co
614 971 659 1026 iae,
673 967 807 1027 facultates,
823 968 924 1035 opesque
940 971 1069 1036 pertinent,
1086 987 1112 1020 et
1126 969 1145 1020 li

112 1036 241 1092 lucrentur,
257 1032 404 1083 benel'eeum
414 1035 451 1100 agi
460 1046 550 1097 putant.
565 1046 587 1079 at
596 985 753 1096 sapientibus,
768 1037 810 1099 qui
824 1035 854 1083 de
867 1034 1096 1102 honetlateqtantunt
1110 1036 1147 1082 la-

112 1095 195 1145 borant
212 1132 220 1149 ,
243 1101 382 1146 maximum
395 1097 488 1146 lucrum
502 1097 535 1145 est
565 1095 629 1143 ictas.
663 1098 757 1158 corpori
771 1098 851 1150 enim,
873 1099 899 1146 δι
914 1101 968 1144 Deo
983 1099 1078 1145 tenne,
1094 1112 1150 1147 non

112 1160 171 1272 ideff
187 1157 245 1272 [αἶ
261 1178 267 1209 t
291 1164 338 1213 δι,
360 1159 502 1225 siquzritur
513 1160 544 1207 u'
559 1159 617 1210 itas,
632 1173 659 1206 ea
675 1155 800 1208 firmiteta
815 1165 891 1215 Deo,
914 1174 970 1208 cum
986 1173 1036 1223 qua
1045 1159 1151 1210 conteni

111 1236 142 1270 nu
161 1239 174 1270 a
200 1238 218 1271 o
248 1237 266 1270 r.
575 1259 583 1279 ,

141 1290 175 1333 Ex
183 1238 283 1334 pmultis
297 1297 376 1334 autern
390 1283 488 1334 utilibus
499 1281 525 1330 id
539 1281 630 1333 videtur
641 1278 813 1347 elseprinum,
828 1297 979 1334 utamernut.
993 1283 1149 1349 quandoqui-

112 1345 164 1395 dem
183 1349 246 1397 odio
261 1348 325 1396 nihil
338 1347 465 1397 exitiosius.
482 1345 547 1458 offid
555 1347 678 1410 igiturest,
692 1346 761 1411 quod
773 1361 881 1395 amorem
898 1347 1005 1394 maxime
1017 1349 1149 1397 conciliet?

113 1410 248 1460 Christiana
264 1413 346 1461 caritas
361 1429 367 1459 :
391 1426 443 1460 non
459 1424 501 1457 mo
519 1424 535 1456 ο
548 1410 605 1474 quia
617 1409 720 1458 libenter
733 1405 771 1458 sita
784 1411 962 1464 communicat,
976 1423 1058 1458 verunt
1072 1412 1148 1461 etiarn
1229 1444 1232 1451 .

111 1473 298 1538 quiamitisess,
314 1489 365 1522 non
378 1467 522 1522 excandescit
535 1472 560 1518 in
573 1473 650 1520 aliena
661 1473 743 1534 oulpa,
758 1473 874 1536 patienter
881 1469 1042 1532 injuriasset-i,
1056 1473 1147 1524 admod

112 1548 165 1591 net,
180 1536 295 1601 corrigit,
311 1551 382 1598 opem
392 1533 444 1584 sert.
458 1535 519 1584 inde
535 1532 595 1582 fides
608 1531 720 1587 nascitur,
738 1550 766 1583 to
783 1537 833 1584 nita
848 1530 972 1598 prasertim
990 1535 1054 1590 e'us,
1068 1549 1145 1601 quem

103 1597 251 1665 diligimus,
268 1597 388 1654 bonitate,
404 1600 429 1647 dt
444 1592 575 1670 prudentia.
597 1598 657 1646 velle
672 1599 754 1649 enim,
767 1549 936 1646 {unitatisestz
950 1611 982 1660 po
1002 1612 1030 1652 e,
1044 1598 1151 1660 penten«

112 1660 157 1708 tie.
172 1663 257 1724 itaque
264 1659 367 1710 libenter
375 1661 647 1714 nosetcommittimue,
663 1659 693 1707 de
707 1660 771 1718 cujus
786 1674 826 1709 aut
840 1661 976 1714 voluntate,
990 1673 1030 1708 aut
1043 1662 1163 1722 prudena

114 1722 145 1771 tia
153 1723 259 1772 dubitari
267 1738 319 1772 non
328 1719 405 1785 polle,
420 1720 549 1786 persuasum
567 1723 615 1780 iant
631 1720 702 1770 nobis
716 1724 758 1771 est,
779 1722 912 1773 bonitatem
929 1736 1009 1770 autem
1023 1724 1066 1788 qui
1079 1723 1148 1782 dicit,

114 1784 177 1833 idem
196 1786 311 1843 iustitiam
328 1786 399 1835 dicit:
413 1786 575 1850 prudentiam,
591 1786 717 1840 virtutem,
732 1801 783 1858 que
799 1801 839 1849 per
854 1783 876 1833 se
887 1785 986 1895 cguidem
997 1788 1073 1836 valet.
1090 1787 1150 1844 ted,

114 1845 156 1896 nili
165 1863 222 1897 cum
231 1847 320 1909 justitia
329 1844 439 1903 societur,
454 1863 547 1896 nomen
556 1859 631 1896 mutat
640 1880 647 1902 ,
663 1850 688 1896 bt
697 1847 811 1896 calliditas
819 1848 866 1904 est,
881 1849 890 1894 i
923 1847 956 1895 est
971 1863 999 1896 ex
1013 1849 1097 1898 virtute
1111 1853 1149 1900 via

114 1910 183 1963 tium,
208 1911 241 1959 ita
260 1926 290 1959 ue
306 1908 404 1965 versuti,
421 1905 676 1974 callidiquc‘hominis.
693 1909 722 1958 ad
735 1909 849 1975 qualium
865 1912 949 1959 omnia
962 1908 1096 1967 referentis,
1112 1914 1152 1961 via

115 1973 184 2020 tanda
197 1989 245 2022 con
274 1973 360 2029 crudo,
375 1972 545 2035 repudiandum
559 1971 698 2020 consilium:
713 1970 774 2021 boni
787 1971 817 2020 ab
831 1989 860 2021 eo
875 1973 937 2020 nihil
950 1968 1149 2036 exspeibndum,

115 2036 155 2099 qui
168 2033 309 2098 bonusipse
322 2053 372 2084 non
387 2035 425 2084 est.
443 2037 535 2084 malitia
547 2037 613 2083 enirn
628 2033 731 2089 fletam,
755 2037 900 2098 inanemque
920 2032 1019 2103 speciem
1039 2037 1151 2087 utilitatis

115 2096 228 2147 ostendit:
247 2098 344 2156 justitia,
360 2098 424 2146 idest
433 2096 539 2153 bonitas,
554 2113 648 2151 terant,
664 2112 690 2144 ac
698 2094 800 2145 solidam
810 2098 936 2144 utilitatem
945 2097 1011 2159 parit.

134 2165 176 2214 ,Vt
184 2161 274 2225 igitur,
288 2158 402 2225 quisnam
413 2176 462 2208 tem
473 2175 548 2215 curat,
564 2159 655 2225 sibique
667 2160 745 2222 potius
760 2156 875 2213 consulit,
891 2175 963 2224 quarn
973 2161 1041 2216 aliis,
1055 2161 1149 2212 retium

115 2220 207 2286 ignorat
215 2224 261 2269 iter
267 2224 362 2286 gloria:
379 2240 421 2272 nec
435 2238 491 2272 curn
506 2223 619 2271 homines
634 2234 730 2274 amant,
747 2237 789 2270 nec
802 2224 823 2270 ei
838 2221 912 2270 sidem
927 2219 1030 2269 habenti
1043 2222 1088 2276 sic,
1104 2227 1149 2291 qui
1202 2280 1207 2289 ¹

113 2285 242 2348 propensus
255 2285 285 2334 ad
299 2283 463 2333 liberalitatem
479 2285 526 2341 est,
541 2301 616 2350 eaque
630 2288 654 2334 δι
669 2299 712 2347 pto
726 2282 886 2340 facultatibus,
908 2287 932 2334 ἃ
947 2300 999 2397 erga
1015 2286 1152 2352 indigenter¹

113 2348 201 2403 utitur,
217 2363 275 2396 eum
284 2349 310 2396 in
319 2349 394 2397 oculis
402 2348 532 2396 multitudo
542 2346 598 2403 sttt,
614 2351 639 2397 δι
654 2345 728 2395 sidem
743 2345 827 2403 habet,
843 2345 912 2413 seque
927 2351 951 2396 dt
976 2363 1006 2395 tta
1020 2350 1081 2398 κᾶε
1098 2364 1146 2399 tra-

112 2407 137 2459 ei
153 2413 180 2460 δι
193 2410 362 2459 commendari
379 2424 449 2472 putat.
473 2415 527 2459 Hac
534 2411 607 2458 virtus
615 2412 717 2474 pecuniae
725 2408 867 2459 fruetusesi:
883 2410 937 2458 ideo
952 2412 1063 2474 pecunia,
1078 2407 1149 2478 quod¹

112 2471 198 2522 aenos
206 2470 271 2536 ipsos
278 2475 376 2527 attinet,
391 2473 515 2537 diligenter
530 2473 667 2534 querenda:
682 2469 733 2528 sed,
749 2486 774 2520 ut
790 2472 883 2521 idoneis
897 2475 1058 2536 opitulemur,
1073 2477 1151 2538 paulo

111 2535 184 2584 etiam
195 2537 337 2584 attentiores
344 2532 388 2584 else
397 2551 441 2583 nos
448 2535 522 2584 decet.
538 2551 587 2599 quo
601 2537 667 2584 enim
681 2535 713 2584 est
727 2536 797 2583 virtus
806 2535 948 2591 amabilior,
964 2554 993 2585 eo
1010 2539 1100 2601 magis,
1115 2553 1151 2587 ne*

111 2595 221 2654 deficiat,
237 2613 298 2646 neve
307 2600 355 2655 ejus
363 2595 647 2646 exercendozconsuetudo
655 2599 836 2649 interminatur,
851 2597 1036 2647 elaborandum,-

143 2665 199 2719 Nec
213 2676 270 2708 vero
286 2659 399 2722 fimplex,
423 2658 574 2724 ejusdemque
586 2662 676 2724 generis
689 2659 814 2708 liberalitas
830 2660 925 2709 abono
942 2663 992 2710 viro
1008 2662 1147 2723 postulatur.-

111 2718 163 2771 sttnt
179 2725 231 2779 eius
247 2723 347 2788 quidam
357 2720 526 2787 quastgradus,
543 2725 567 2771 ἃ
583 2739 624 2783 pro
639 2723 780 2770 meritorum
795 2722 959 2787 magnitudine
973 2723 1000 2772 fit
1014 2722 1150 2787 speciofior,

114 2782 139 2833 dt
152 2786 278 2834 illustrior.
294 2786 320 2832 in
336 2787 426 2833 meritis
433 2797 512 2832 autem
521 2786 639 2833 excellunt
647 2786 704 2840 illa,
719 2785 835 2834 redimere
850 2786 953 2850 captivos
969 2785 999 2834 ab
1014 2787 1081 2836 hoste
1095 2786 1149 2836 bara·

112 2842 185 2903 baro,
201 2849 266 2896 alere
283 2848 404 2908 parvulos,
420 2848 523 2909 pupillos
536 2849 608 2901 tucri,
625 2848 726 2912 virgines
739 2848 863 2897 collocare.
878 2847 1151 2914 eademquelaus‚‘sor⁴

115 2904 169 2957 tasse
181 2912 257 2959 etiarn
271 2908 396 2974 aliquanto
407 2911 497 2968 major,
513 2911 652 2974 acquiritur,
668 2926 738 2964 cum,
754 2912 780 2958 in
796 2913 915 2961 renuite,
931 2910 1031 2960 consilio
1047 2925 1150 2968 tamen,

115 2984 233 3037 operaque
252 2968 392 3020 subvenitur.
424 2971 492 3037 quod
505 2987 577 3036 genus
591 2971 749 3021 beneficentior
764 2988 889 3036 nunquam
905 2974 1050 3022 exhauritur:
1067 2989 1153 3024 manat-

112 3034 179 3083 enim
198 3051 213 3083 a
226 3036 327 3097 perenni
343 3034 437 3082 fronte:
452 3050 508 3083 cum
521 3037 622 3097 pecuniae
635 3033 722 3084 diversa
734 3035 843 3083 conditio
852 3033 892 3083 sir:
907 3050 957 3098 quo
966 3038 1153 3101 enimerogatua'

111 3098 203 3163 magia,
219 3113 251 3146 eo
269 3098 352 3145 minor
367 3098 396 3145 ad
411 3093 578 3146 virtutisusutn
590 3099 687 3147 materia
694 3099 849 3161 relinquitur:
865 3101 889 3148 δι
903 3097 973 3160 sape,
988 3100 1030 3164 qui
1042 3102 1150 3148 alienant

110 3157 223 3230 inopiam
242 3159 369 3211 sublevat,
391 3159 421 3208 ad
435 3160 536 3208 candem
553 3158 599 3223 ipsc
616 3195 622 3213 ‚
644 3161 704 3209 dum
718 3161 812 3224 largitur
826 3159 975 3216 inconsulte,
996 3161 1079 3210 recidit
1093 3163 1152 3213 itio*

128 3236 187 3271 mm.

110 3233 127 3283 P
147 3290 190 3342 Et,
204 3286 327 3352 quoniam
336 3286 457 3333 veritatem
466 3287 620 3337 amaremus,
636 3284 767 3334 tenendum
781 3285 806 3333 in
815 3285 965 3348 primie'illnd
975 3286 1020 3342 est,
1036 3299 1077 3338 ut,
1092 3302 1152 3352 quaa

115 3343 151 3393 lca
165 3347 245 3398 haberi
262 3348 392 3398 volumus,
410 3348 467 3394 tales
481 3346 561 3396 fimus.
594 3364 648 3396 itam
664 3353 768 3396 Socrates
780 3350 842 3395 olim
855 3350 990 3411 proximam
1004 3349 1032 3396 ad
1064 3351 1155 3399 loriam·

118 3408 194 3464 viarm
208 3415 235 3462 δι
252 3408 319 3475 quafi
335 3409 553 3471 compendiariam,
567 3427 581 3458 e
598 3409 613 3458 'c
629 3410 728 3458 dicebat.
744 3410 858 3465 sednoS,
879 3411 904 3457 in
914 3364 1154 3462 hacadmocsumdus

119 3466 171 3530 bia,
184 3477 207 3524 δι
223 3473 309 3522 multis
327 3473 447 3534 implicata
463 3472 578 3521 erroribus
594 3473 703 3521 liuntanat
718 3472 767 3520 vita
783 3475 834 3524 via,
851 3473 930 3520 multo
944 3473 1042 3537 quidem
1060 3478 1158 3527 Socrate

122 3536 264 3592 meliorem,
289 3538 314 3584 ὃ(
331 3532 551 3597 sapientiorem&
566 3537 690 3584 certiorem
707 3534 808 3589 ducent,
824 3536 1082 3600 restoremquemasii,
1098 3542 1157 3588 nul.-

116 3596 170 3646 ltttn
182 3614 286 3649 errorem
303 3631 310 3649 ‚
334 3595 354 3644 st
368 3599 417 3654 ejus
430 3595 530 3660 expressa
544 3600 637 3662 vestigia
651 3596 810 3660 persequimur
823 3631 830 3652 ,
853 3599 974 3646 timemus.
1007 3603 1071 3648 Deus
1085 3603 1156 3649 eninr

115 3658 163 3723 ipse
169 3657 263 3711 simma
274 3659 412 3708 veritasest:
427 3661 452 3707 dc
467 3661 600 3709 inveritate
613 3662 700 3709 colitur
715 3664 787 3706 Deus.
804 3661 883 3723 itaque
897 3662 959 3723 parvi
977 3659 1061 3717 refert,
1077 3663 1153 3712 haecst

113 3722 197 3795 vireta,
214 3725 285 3790 cujus
298 3723 327 3773 'tat
340 3721 575 3785 caloprarnialimt,
588 3722 696 3774 ltuarana
710 3719 819 3773 mercede
834 3735 906 3773 caret:
921 3737 1003 3773 vuum
1016 3737 1068 3773 non
1083 3739 1157 3837 ciffi
