2490 4500
111 282 236 439 sdedpn
247 357 347 417 fuerint
360 396 369 425 ,
389 360 491 435 reliqna
504 356 591 418 secum
607 361 637 417 in
649 360 796 436 perniciem
806 358 934 425 trahunt.
953 358 996 421 sed
1008 382 1058 421 non
1067 384 1100 423 tt·
1116 349 1135 413 Ι-

110 441 173 498 dem
200 438 284 495 modo
310 456 371 493 cum
398 438 508 515 reliquit
533 434 665 495 auserunt.
703 438 784 512 Tolle
803 438 975 515 prudentiam
994 455 1100 506 omnen,
1131 489 1137 498 .

110 520 184 575 nulla
195 518 246 572 erit
257 516 356 577 virtus,
376 532 435 589 qua
449 516 519 570 teile
535 534 632 571 munus
642 514 719 571 suurn
731 514 808 571 obire
822 512 907 591 possit.
934 520 971 573 dt
984 514 1001 574 fi
1015 517 1100 592 reliqna
1132 565 1141 574 „

110 596 219 650 virtutes
245 591 428 653 adimantur,
469 592 591 647 maxima
608 609 699 649 tamen
720 590 868 665 prudentia:
887 610 949 725 plaut
966 595 1100 651 remanebit.
1134 643 1143 651 .

110 672 218 727 Omnes
230 671 304 724 cuim
318 685 385 723 artes
397 666 533 730 liberales,
556 664 611 741 ipsa
627 669 752 726 naturalis
764 666 890 745 philosop
913 671 955 733 ia,
973 676 999 727 dt
1015 668 1101 727 diorndi
1134 696 1143 727 .·

109 744 292 804 acdillitrcndi
305 746 390 807 ratio,
412 764 470 819 quae
485 742 531 800 sub
542 742 682 818 prudentia
692 744 981 819 comprehenduntur,
1006 742 1100 803 etiams
1133 773 1143 804 ·:

109 821 382 883 nnllafitalnvirtus,
402 822 431 876 in
446 818 558 877 lionnne
570 812 673 895 possunt
687 816 748 876 elle.
769 822 864 896 Qarc
876 822 958 894 longe
971 822 1101 880 meliurCi·
1138 876 1143 881 .

107 920 168 957 cero
181 894 264 957 fecisse
279 896 362 952 videri
377 897 477 973 potest,
497 897 544 970 qui
557 898 647 971 ptimo
659 900 719 954 loco
734 898 904 971 prudentiam
917 896 1022 957 statuit:
1036 915 1099 977 quan
1121 907 1124 914 '
1138 950 1144 955 .

109 974 279 1039 Aristotcles,
299 974 386 1050 quiin
400 992 494 1051 quarta
507 972 618 1029 demum
632 968 705 1032 classe
715 974 864 1030 collocavit.
1134 1001 1136 1010 ·

220 1090 383 1201 'tagestma
400 1108 510 1197 ,nnn
528 1104 611 1171 cun
627 1106 809 1199 oricignani
822 1102 1000 1197 atpuifitn.

182 1254 256 1308 Icero
271 1259 296 1309 &
311 1251 354 1309 hic
363 1259 388 1308 at
399 1249 490 1306 multia
501 1250 560 1305 aliis
573 1252 636 1307 loris
649 1246 755 1305 extollit
764 1250 923 1325 exemplum
937 1248 1002 1308 illud
1014 1248 1100 1324 nequa,

182 1327 256 1402 quast
271 1328 401 1405 fingulare
412 1325 548 1401 quoddam
564 1324 624 1383 fidei
640 1324 840 1382 testimonium.
861 1327 936 1403 quod
946 1311 1100 1403 pntopulrlrt
1136 1330 1142 1385 1

107 1412 134 1462 δι
149 1406 294 1461 commode
306 1407 335 1460 in
346 1422 461 1460 examen
476 1402 742 1477 dil'quisrtmnemque
757 1400 829 1476 polle
841 1400 972 1477 pertrahi.
999 1402 1037 1460 sed
1047 1404 1101 1479 pritt
1122 1459 1125 1466 ,

106 1479 263 1536 adverbum
278 1479 435 1535 sententiam
449 1480 590 1536 Ciceronis
598 1480 817 1537 transcribantur.
856 1482 898 1535 Μ.
913 1479 1022 1537 Artilinr
1033 1482 1100 1558 nega

106 1557 162 1620 lus,
183 1574 265 1628 quum
280 1552 370 1612 conlitl
383 1557 481 1611 iterum
489 1558 517 1611 in
528 1553 659 1613 Africaex
668 1549 955 1633 insidiiseaptusellet‚
975 1556 1100 1613 dueeXau·
1122 1565 1126 1572 ’

107 1632 203 1707 tliippo
215 1632 420 1688 Lacedaemonio
433 1668 442 1694 ‚
472 1634 637 1707 Imperatore
650 1650 739 1689 autem
755 1650 830 1705 parre
843 1631 1004 1689 Hannibalis
1017 1629 1100 1689 llanil·

105 1727 183 1770 care,
203 1710 302 1781 juratus
316 1706 407 1765 mislus
417 1704 455 1764 est
468 1706 502 1763 ad
516 1714 660 1765 Senatum:
680 1726 709 1763 ut
721 1707 769 1763 nili
783 1704 864 1763 essent
879 1706 977 1765 redditi
986 1709 1101 1765 l‘oenitra·
1136 1759 1143 1766 .

106 1786 173 1861 ptivi
191 1785 291 1840 nobiles
304 1784 434 1861 quidam,
457 1783 553 1841 rediret
564 1786 618 1859 ipse
632 1782 839 1860 Carthaginem.
861 1786 890 1841 ls
901 1802 988 1861 quum
1003 1786 1099 1842 Roman

106 1856 231 1923 venisset,
253 1862 372 1917 utilitatis
389 1861 501 1938 speciem
516 1860 641 1921 videbare
670 1860 712 1917 sed
726 1878 801 1922 eant,
824 1878 908 1917 utres
924 1860 1052 1928 declarat,
1066 1855 1101 1917 sal·

107 1934 164 1994 satn
179 1936 324 2007 iudicavit„
353 1956 412 2013 quat
427 1955 483 1993 ctat
493 1940 573 1994 ralis:
600 1942 710 1995 Manere
729 1937 757 1992 iu
771 1938 858 2011 partia
873 1974 882 2001 ,
908 1930 958 1993 elle
973 1936 1100 1995 domitura

107 2032 207 2077 uxore,
232 2033 292 2069 cum
304 2014 407 2070 liberis:
426 2033 507 2091 quam
519 2013 698 2071 calamitatem
707 2006 839 2087 accepisset
853 2017 882 2070 iu
895 2011 981 2077 bello,
1001 2029 1101 2071 coturnu-
1141 2080 1143 2085 Ι

107 2110 170 2146 nem
184 2086 299 2151 fortuna:
314 2090 411 2147 bellica
422 2089 583 2161 judicantem
601 2112 609 2147 t
638 2108 725 2147 tenere
738 2086 884 2145 consularis
917 2088 1011 2147 tadum
1026 2110 1034 2148 t
1057 2088 1101 2163 quir

107 2164 164 2223 hac
178 2185 255 2243 neget
268 2167 359 2222 utilia?
379 2164 556 2241 quaerulis?
577 2166 738 2241 magnitudo
751 2166 839 2221 animi
853 2106 1022 2223 &sarcitudo
1033 2177 1101 2243 negat.
1121 2201 1126 2212 .

108 2248 152 2298 dn
171 2243 353 2317 locupletiores
372 2244 468 2313 quatis
484 2242 627 2299 auctores?
656 2246 762 2299 Harum
777 2242 851 2297 enim
866 2242 906 2299 est
918 2242 1044 2299 virtutum
1057 2257 1103 2317 pm·

109 2319 221 2393 prium,
249 2316 317 2373 nihil
330 2316 520 2381 extimescere,
547 2315 945 2393 omuialtumanadespicere:
973 2307 1128 2393 uiltilqml·

108 2394 218 2452 homini
233 2392 348 2448 accidere
363 2391 453 2467 pollit,
476 2395 674 2452 intolerandum
686 2413 787 2465 putare.
808 2396 903 2469 ltaque
913 2396 981 2468 quid
993 2392 1066 2451 fecit!
1080 2392 1103 2447 lu
1125 2405 1128 2416 ¹

106 2476 234 2527 Senatum
249 2471 341 2533 veuit,
370 2470 498 2526 mandata
515 2471 652 2545 exposuit:
673 2470 829 2527 seutentiam
845 2489 879 2525 ne
893 2472 1008 2535 diceret,
1026 2464 1104 2525 recula·
1140 2466 1143 2525 ζ

107 2549 157 2605 tit.
184 2546 314 2622 quamdiu
329 2547 496 2619 jurejurando
512 2546 629 2604 hostium
644 2566 795 2609 teneretur,
825 2565 881 2602 non
896 2540 949 2603 else
961 2554 1104 2603 Senatorrn.

108 2622 271 2699 Atqueillud
285 2623 384 2688 eriam,
407 2643 425 2678 o
437 2622 545 2678 stultum
561 2626 701 2681 hominem
724 2622 989 2697 (dixeritnuispiaml
1010 2630 1106 2697 &repo

109 2718 238 2779 grtaruem
254 2698 361 2753 utilitati
377 2698 441 2755 suae:
463 2700 548 2755 Reddi
564 2704 682 2776 captivos
696 2702 803 2776 negavit
815 2694 863 2756 else
875 2698 950 2755 utile.
979 2698 1106 2758 llloseuiu

110 2772 285 2835 adolescenter
298 2782 323 2828 δι
338 2776 424 2831 bonos
436 2774 512 2831 duces
522 2772 587 2837 ell'e,
610 2774 634 2831 se
648 2778 701 2847 jum
712 2772 866 2833 consessum
880 2775 1023 2833 senestute.
1043 2774 1107 2845 Cujus

107 2871 170 2908 euni
183 2843 299 2904 valuisset
311 2853 438 2907 autoritas
452 2888 460 2913 ,
487 2855 585 2925 captivi
602 2854 694 2908 retenti
708 2849 787 2916 sunt,
808 2851 862 2929 ipse
877 2852 1068 2927 Carthaginem
1079 2866 1108 2905 rr·

109 2928 172 2984 diit.
194 2944 279 2999 neque
290 2945 351 2980 eum
364 2929 478 2983 charitas
491 2931 582 3003 patria
595 2930 719 2992 retinuit,
741 2946 787 2982 nec
803 2926 939 2983 sumum.-
957 2931 1052 3007 Neque
1062 2940 1110 2981 ιεῐῠ

107 3001 364 3077 tamenignorabat,
385 3001 409 3058 se
422 3003 454 3059 ad
467 3003 672 3060 crudelissimum
687 3002 790 3058 hostem
805 3011 832 3060 δι
843 3004 877 3059 ad
890 3004 1023 3076 exquisita
1031 3000 1110 3079 suppli·

109 3067 298 3154 riaptolictsci.
319 3078 367 3135 Sed
382 3080 564 3149 jusjurandum
574 3079 783 3136 conservandum
795 3082 914 3155 putabat.
936 3086 1110 3157 ltaqueramet

109 3175 196 3227 quum
210 3154 348 3230 vigilando
363 3157 521 3220 necabatur,
542 3175 596 3212 erat
611 3161 638 3211 in
654 3156 760 3211 mritori
774 3154 865 3218 caula,
888 3176 973 3234 quarn
983 3150 1110 3215 srdomis¹

111 3250 181 3294 nex,
201 3234 341 3304 captivat,
368 3234 485 3307 perjurus
500 3268 509 3297 ,
535 3240 561 3288 &
574 3233 718 3288 consularis
733 3228 903 3290 remansisset.
927 3234 1004 3291 Vidit
1015 3234 1109 3291 Cicero·

111 3326 194 3383 quarn
206 3326 299 3382 parum
312 3306 440 3382 sapienter
454 3307 503 3364 ltoc
514 3306 616 3365 saslutn
635 3307 665 3364 st
676 3328 692 3364 a
704 3309 826 3386 Regulo,
844 3312 1015 3385 occurritque
1026 3312 1111 3383 aliquot

111 3381 327 3457 questionum,
354 3404 412 3459 quze
425 3384 526 3440 intendi
541 3382 692 3459 potuissent.
734 3384 832 3441 Maluit
852 3404 943 3441 tamen
966 3386 1109 3461 pnsttiouen

110 3460 261 3515 Stoicorum
272 3462 356 3523 tueri,
377 3480 458 3534 quam
474 3481 506 3515 ex
522 3460 649 3517 sementia
660 3460 793 3517 decedere.
812 3464 936 3517 ltacuim
951 3462 1109 3519 Ciceronis&
1135 3499 1142 3522 .,

111 3535 270 3610 scriptorum
282 3535 439 3611 plerumque
453 3534 579 3601 mosell,
600 3535 865 3613 inserviretempori,
887 3544 914 3593 &
925 3558 982 3611 quo
992 3542 1046 3608 iure
1056 3552 1108 3609 qua·
1135 3525 1142 3548 '

112 3612 410 3750 purinjuriaproposrto
419 3614 589 3687 patrocinari.
611 3614 751 3671 llludvero
767 3613 835 3669 milri
848 3614 969 3687 primum
983 3616 1108 3691 peteudun
1135 3635 1141 3662 t

134 3707 197 3751 uto,
218 3688 282 3761 quid
296 3690 402 3764 Regulo
415 3686 589 3765 persuaserit,
617 3710 646 3747 ut
657 3691 833 3767 legationem
849 3688 991 3766 susciperet
1001 3689 1033 3747 ad
1045 3694 1109 3745 Sern-

113 3780 194 3832 ttnn,
226 3782 254 3825 ut
268 3763 294 3825 st
307 3763 429 3826 hostibus
442 3766 615 3845 jurejurando
626 3764 802 3846 obstringeret
817 3786 825 3825 t
850 3767 880 3825 ui
891 3760 1067 3847 impermiste,
1089 3772 1109 3841 'ft

1045 3779 1143 3922 aas
