2490 4500
108 210 186 311 'ua

110 340 202 417 mine
218 329 343 405 diutius
363 324 525 419 infidere,
545 347 646 427 atque
665 329 858 405 inveterare.
894 328 1112 425 Qramobreu'

110 456 153 518 po
179 430 290 501 animo
311 426 487 525 derepente
515 424 666 498 libellum
697 428 853 523 arripui,
885 448 925 499 ut
944 425 987 498 ab
1007 424 1113 499 iu'ulla

111 524 153 611 (st
175 525 248 598 fieri
264 522 390 619 posset)
420 522 626 597 accusatione
643 543 768 618 patrem
786 524 989 619 eloquentiae
1004 524 1028 595 li
1070 546 1112 593 raa
1155 588 1161 605 ,

109 646 193 692 rem.
240 620 346 715 Quod
366 641 455 693 certe
477 616 584 692 Musis
604 617 862 717 approbantibus
882 618 955 692 satis
980 616 1112 691 feliciter
1153 610 1161 719 l

108 716 248 790 effecisse
265 715 349 789 mihi
365 717 493 787 videor.
542 717 633 785 Nam
649 715 801 813 quamvis
815 714 918 788 essent
931 715 1039 787 multa
1054 734 1112 791 tam.
1142 722 1157 749 ·“

109 812 309 909 ingeniose,
341 834 440 907 atque
468 830 564 884 acute
592 812 807 909 excogitata,
839 832 879 885 ut
902 835 971 884 non
991 831 1113 891 tantum

110 909 316 1007 probabilia,
339 908 392 981 sed
411 910 510 981 etiam
526 931 603 978 vcra
623 906 835 998 viderentur,
857 907 904 979 eis
922 906 1116 1005 praesertim,

111 1006 171 1100 qui
195 1004 388 1077 Dialedticir
413 1004 534 1075 imbuti
557 1028 626 1075 uon
649 1003 751 1075 sunt:
793 1028 858 1103 ego
874 1026 988 1083 tamen
1012 1000 1118 1083 omnia
1158 1083 1160 1089 ,

110 1122 179 1173 tam
197 1101 292 1175 facile
310 1100 444 1173 defendi
462 1158 473 1190 ‚
502 1104 538 1172 dc
553 1097 726 1172 rec'tiffime
740 1100 828 1172 dista
846 1100 1015 1199 probavi,
1047 1118 1084 1171 ut
1100 1112 1160 1192 [ᾖ

108 1197 244 1281 nemine
262 1196 301 1271 srt
321 1198 462 1291 amplius
483 1194 720 1268 dubitandum.
760 1200 874 1283 Quam
892 1194 1119 1269 lucubratiuu·
1131 1163 1160 1292 ἑ

109 1295 221 1365 culam
240 1318 348 1367 meam
367 1292 428 1363 tibi
446 1292 619 1364 dicandam
636 1292 700 1363 esse
716 1292 828 1365 censui
852 1319 859 1364 :
895 1292 951 1363 vel
978 1292 1072 1389 quod
1090 1299 1134 1365 te',
1146 1302 1160 1376 'r

110 1389 240 1483 semper
269 1388 481 1462 Ciceroniani
511 1386 656 1461 nominis
679 1412 859 1461 amatorem
881 1389 917 1460 δε
940 1378 1160 1493 studiosumjss'l

108 1484 205 1555 suisse
222 1483 367 1580 cognovi
392 1540 402 1573 ‚
438 1503 477 1555 ut
503 1483 562 1555 tibi
584 1483 760 1580 gratissima
784 1487 857 1557 haec
881 1482 1035 1557 sedulitas
1052 1508 1160 1567 mea-,r

109 1579 150 1650 fit
166 1578 298 1653 futura:
325 1579 380 1652 vel
403 1581 495 1674 quod
511 1602 576 1676 ego
593 1583 758 1653 neminem
779 1580 905 1669 habeo,
934 1604 1038 1679 quem
1055 1602 1121 1651 ma·
1156 1594 1160 1677 s

135 1677 291 1772 isquam
324 1696 356 1747 te
391 1675 515 1773 sperem
550 1675 728 1769 aliquando
756 1677 945 1749 studiorum
968 1696 1118 1750 meorum
1156 1717 1159 1727 ·

107 1700 273 1847 §autorem
290 1792 389 1868 atque
409 1771 685 1869 amplificatorem
704 1774 786 1846 sore.
819 1774 912 1844 Nam
927 1798 971 1846 ex
985 1772 1119 1869 quodie

108 1869 337 1965 recognovi,
369 1868 495 1965 semper·
518 1892 596 1967 erga
623 1894 678 1940 me
704 1894 905 1969 magnopere
926 1868 1117 1967 propensam

107 1986 206 2061 atque
225 1965 412 2041 inclinatam
432 1964 638 2043 voluntatem
654 1983 746 2038 tuam
756 1965 984 2038 animadverti.
1006 1966 1118 2059 Quam

107 2065 199 2155 spem
211 2063 493 2158 &cogitationem
510 2061 551 2131 de
572 2081 604 2131 te
624 2085 730 2135 meam
750 2064 844 2133 auxit
862 2062 914 2141 vir
930 2058 1118 2146 clarissimus

7 2224 11 2231 .
107 2157 303 2232 Franciscus
319 2159 452 2229 Crassus
470 2184 478 2227 :
511 2156 665 2252 quicum
686 2184 755 2231 non
778 2160 822 2229 ita
842 2158 971 2253 pridem
988 2154 1119 2249 Medio·

107 2257 223 2327 lanum
252 2254 463 2341 revertisset,
498 2252 539 2323 ab
568 2277 604 2322 ea
632 2257 794 2326 Senatum
820 2252 1117 2336 administratione,

106 2352 141 2421 in
170 2372 234 2443 qua
260 2365 382 2418 tantam
401 2347 596 2443 dignitatem
618 2351 654 2421 δε
675 2351 817 2447 gloriam
835 2350 1034 2422 consecutus
1053 2348 1119 2425 esta

107 2444 389 2530 deminutae,
424 2448 460 2516 ὃ(
486 2443 527 2514 de
555 2442 791 2534 sermonibus,
818 2470 902 2541 quos
926 2445 968 2516 de
983 2470 1038 2517 me
1059 2444 1119 2517 fres

107 2562 249 2637 quenter
272 2538 407 2613 haberes
428 2596 438 2627 ‚
470 2539 554 2610 mihi
573 2545 723 2614 narravit.
772 2544 924 2613 Maxime
942 2566 1024 2613 vero
1044 2564 1122 2613 con-.

108 2643 262 2712 bennatus
282 2636 374 2725 sitm,
398 2636 572 2733 pollquam
596 2660 635 2710 tu
655 2640 887 2711 Mediolanum
903 2640 1119 2734 proximem.

107 2736 219 2805 versus
242 2792 252 2821 ‚
290 2760 344 2805 me
362 2754 428 2809 ram
448 2734 636 2806 humaniter
652 2735 838 2830 excepisti,
861 2756 939 2804 ctrm
956 2732 999 2804 ad
1014 2756 1048 2807 te
1068 2756 1120 2804 ve·

107 2834 221 2905 nirl'em
241 2828 469 2916 salutandum,
493 2830 527 2900 ὃ(
543 2849 610 2900 tarn
632 2831 833 2901 familiariter
850 2853 984 2902 mecum
1001 2830 1120 2902 sermo·

107 2954 164 3003 nes
181 2927 362 2998 contulisti.
388 2928 503 3021 ltaque
525 2925 583 2996 lim
603 2924 866 3020 ingratiffimus,
897 2924 957 2996 nist
974 2944 1007 2998 te
1029 2926 1123 3022 supra

106 3024 263 3095 mortales
283 3047 399 3092 omncs
418 3023 552 3105 colam,
585 3043 685 3116 atque
703 3023 908 3110 observem,
940 3047 1020 3093 cum
1039 3042 1138 3119 prce-⁸

107 3122 216 3192 sertim
238 3138 337 3189 tantu:
360 3116 423 3187 sant
449 3118 572 3213 ingenii
591 3123 639 3189 tui
660 3117 831 3189 suavitates
849 3175 858 3201 ,
892 3138 993 3191 tantae
1010 3120 1121 3205 dotes,

107 3218 148 3287 de
180 3216 304 3309 quibus
335 3213 469 3284 dabitur
498 3215 678 3309 aliquando
701 3216 784 3284 milri
808 3215 939 3311 copiose
964 3212 1126 3287 tractandi

104 3314 254 3383 facultas.
305 3311 352 3382 ese
374 3309 462 3379 enim
488 3335 627 3405 magnus
654 3311 790 3381 laudum
814 3332 948 3381 tuarum
974 3336 1128 3407 camptu,

106 3409 141 3480 in
166 3431 235 3501 quo
257 3407 403 3480 exultare
421 3404 513 3482 sicile
531 3403 626 3500 possit
646 3407 766 3477 oratio.
819 3408 854 3476 N
861 3431 927 3475 unc
946 3430 1014 3479 ate
1032 3434 1130 3503 quau.

106 3504 140 3573 lii
162 3527 200 3573 ut
216 3520 338 3572 attente
355 3502 510 3595 [annaque
524 3528 601 3573 cum
622 3502 716 3571 venia
735 3501 928 3573 Decifiones
947 3506 1002 3576 has
1024 3528 1127 3591 meas,

106 3598 228 3697 mribus
262 3599 514 3680 Ciceroucma.
547 3599 747 3696 Calcagnini
780 3596 979 3687 criminibus
1008 3600 1131 3705 libera.

1071 3720 1134 3794 va,
