2490 4500
107 208 150 275 ti

109 246 288 361 piitiiderit,
307 298 335 349 ot
350 290 436 349 officii
456 290 495 349 siii
516 288 637 369 singulos
656 285 848 353 admonuerit,
871 284 970 346 necesse
984 285 1048 354 fuit,
1062 287 1108 365 ui
1138 288 1149 299 ‘

106 366 141 433 ἱ.
167 394 200 429 tie
223 372 296 441 loqui
311 369 431 435 solebat,
453 367 486 425 de
500 365 626 431 Officiis,
650 384 706 422 non
725 364 756 419 de
770 363 875 422 Officio
891 366 998 423 titulum
1015 360 1107 443 appoee'-
1137 390 1150 420 :

110 472 146 509 ier
198 446 281 505 Nulla
294 443 344 502 fuit
356 464 421 522 ergo
434 442 529 507 causa,
547 462 593 517 cur
604 439 808 519 inscriptionem
822 440 892 498 lianc
902 441 1055 513 damnares:
1068 438 1109 511 τί

107 546 172 597 qnia
184 520 307 599 sperasti,
328 520 561 598 quemadmodum
576 520 656 574 initio
665 519 799 580 diximus,
823 537 869 601 per
883 516 954 575 lianc
966 517 1108 576 occafionen

107 588 165 661 ¹ficii
182 593 265 677 polle,
289 617 316 654 ut
334 599 416 676 vulgo
431 595 624 657 innotesceres,
644 593 662 650 si
679 593 711 648 de
725 594 865 655 Ciceronis
881 591 956 667 fama
970 590 1108 653 detraxisti.
1134 618 1150 651 a

107 678 175 733 Non
190 694 263 730 enim
278 671 434 754 refugiebat
450 675 491 743 (nt
504 672 628 740 arbitror)
645 670 694 726 hos
707 667 760 725 fere
775 669 867 745 libros,
884 673 912 727 in
926 671 1109 746 quibusdtmo·
1133 714 1136 723 .

107 755 182 813 ribus
195 751 337 813 traclatur,
360 752 429 829 apud
447 751 534 805 bonos
555 765 659 804 autores
673 753 698 802 &
711 747 838 807 latinos,
860 753 887 803 δι
901 745 1119 805 Graecos'uumtti·
1135 772 1150 804 z

109 818 223 899 iiiajoris
238 825 439 901 inscriptionem
455 825 560 880 habere.
579 826 621 878 Sic
631 824 720 883 Plato,
736 840 796 877 cum
811 823 893 879 libros
906 820 983 888 suos,
1002 822 1110 898 dellepu·

110 904 179 1037 plica
202 898 282 977 posset
304 900 460 963 inscribere,
482 897 533 974 xipl
553 893 689 957 eontulit:
710 898 806 953 maluit
825 914 917 954 tamen
936 893 987 971 iripl
1000 897 1109 973 sarciniit

130 976 153 1036 ic
166 974 323 1033 'Aristoteles
343 997 398 1034 non
414 978 509 1040 ἠθικῆς,
533 973 575 1031 sed
595 974 702 1038 ἦθικόι,
727 992 813 1049 neque
832 977 972 1039 πολιτικῆς,
998 974 1038 1032 sed
1058 985 1110 1027 ein«

110 1046 201 1125 pinni,
223 1073 308 1129 ireque
326 1047 484 1123 οἰκονομικῆς,
511 1050 555 1108 sed
577 1050 728 1118 οἶοιοοομιοιῦο
745 1048 884 1125 inscripsit.
926 1052 998 1127 Quae
1013 1051 1109 1114 cum'fl,

110 1116 180 1209 fine,
202 1129 289 1186 titl'cio
301 1148 360 1205 quae
375 1147 400 1184 te
420 1146 494 1184 tanta
511 1125 686 1183 maledicendi
707 1126 837 1203 cupiditas
855 1126 1014 1190 obcaeciiii,
1029 1146 1056 1183 nt
1069 1124 1108 1185 liat
1135 1154 1150 1185 -.

111 1224 168 1265 tam
183 1222 273 1283 aperta
286 1225 343 1283 tion
354 1204 465 1262 rideres.
503 1203 552 1261 Sed
565 1205 621 1281 jam
635 1202 669 1259 ad
681 1200 795 1279 reliquas
807 1199 1005 1281 disquisitiones
1014 1218 1107 1282 cuatuor

112 1300 232 1341 uramus.
861 1294 864 1303 ·
975 1312 981 1323 ·
1134 1292 1137 1297 ’

221 1451 350 1529 lacubus
368 1455 503 1544 Grisoliis
522 1452 565 1520 ad
584 1460 721 1548 primam
743 1454 826 1523 Casii
848 1456 1029 1552 Cascagm'ui'

504 1548 758 1642 disquisttionem.'

143 1756 146 1761 ·
191 1722 263 1780 AElio
275 1721 367 1777 titulus
379 1719 411 1776 de
425 1719 533 1785 officio,
548 1741 630 1797 quain
643 1721 675 1779 de
687 1721 784 1783 officiis
795 1723 901 1799 plenior
912 1720 1027 1780 videtur.
1040 1723 1070 1779 iu

191 1802 252 1856 cum
267 1801 309 1854 M·
320 1797 396 1852 Tull.
413 1796 507 1855 scribat
521 1797 553 1854 ad
571 1802 688 1856 Atticum
707 1800 853 1874 pleniorem
874 1797 923 1855 libi
939 1798 1023 1857 iideil
1039 1798 1064 1855 in
1096 1798 1099 1807 '

114 1870 237 1954 p'iioiiem
253 1875 344 1936 suam,
366 1893 412 1930 nec
426 1877 557 1930 rationem
567 1891 657 1931 tamen
672 1876 753 1932 ullam
766 1871 870 1938 afferat,
892 1872 1111 1933 existimatcaeliur

115 1970 179 2031 pum
199 1952 348 2010 ambitione
364 1951 498 2024 quadam,
519 1951 559 2008 iel
581 1954 670 2027 potius
690 1953 788 2010 livore,
810 1950 1011 2026 inscriptionem
1024 1947 1111 2008 ennii
1148 1992 1151 1997 .

114 2024 167 2102 sipi
184 2032 219 2082 tt?
235 2026 396 2090 καθήκοντος,
418 2025 468 2081 hoc
487 2026 526 2081 cst
539 2026 572 2081 de
591 2029 730 2083 communi
752 2023 848 2087 officio
863 2022 1026 2085 immutasse.
1049 2040 1113 2103 (ιω

116 2101 151 2163 id
160 2105 221 2161 'euni
235 2097 319 2159 secisse
334 2119 423 2176 putat,
444 2120 472 2156 ut
484 2121 498 2157 a
512 2105 629 2160 Panaetio
644 2105 786 2164 cvatiarer,
806 2105 847 2159 cui
864 2103 952 2177 palam
972 2122 1035 2160 eum
1051 2102 1113 2160 iceli-

116 2168 259 2259 itiareait,
281 2196 336 2250 quo
350 2181 420 2248 jure,
441 2197 526 2252 quave
539 2180 636 2250 injuria
647 2182 672 2235 se
687 2180 725 2235 illi
738 2175 835 2237 offerat
845 2178 959 2236 occaso.
979 2173 1114 2238 uuitcobsu
1131 2208 1151 2229 ·.

116 2254 164 2329 cro
180 2272 218 2319 te,
240 2272 268 2308 nt
286 2271 364 2326 aequo
383 2252 452 2307 milti
473 2255 567 2308 animo
583 2254 709 2310 concedas
723 2276 782 2311 eain
800 2255 949 2312 libertatem
962 2256 1058 2333 agendi
1066 2270 1114 2312 cuin

117 2326 218 2399 Caelio,
240 2346 322 2402 qnam
338 2326 380 2381 ille
391 2345 485 2382 contra
497 2332 540 2383 Μ.
555 2330 629 2385 Tull.
645 2329 692 2386 sibi
704 2330 828 2406 sumpsit,
848 2351 909 2388 cum
926 2332 1067 2408 praesertim
1081 2348 1116 2386 ne·

116 2400 252 2485 pellitium
268 2403 414 2476 plerunque
430 2402 479 2465 sit,
501 2401 682 2461 defensionem
702 2407 735 2462 ad
750 2407 924 2464 accusationis
944 2411 1072 2465 rationem
1084 2425 1116 2463 ao·

116 2478 303 2559 fotnniodaro
325 2496 479 2551 quanquam
494 2477 629 2553 perficiam
644 2501 672 2537 ur
687 2484 773 2538 multo
787 2484 984 2557 magisCaelins
998 2480 1117 2541 modestia

116 2554 189 2629 snat,
206 2574 287 2629 qnam
301 2573 353 2628 ego
368 2572 448 2616 meac,
470 2555 568 2611 oblitus
581 2555 631 2612 elle
644 2557 773 2614 videatur.
792 2578 872 2635 quem
886 2558 978 2616 statim
992 2563 1118 2619 ineicetii

118 2631 183 2693 ne'm
199 2632 268 2686 velut
284 2631 439 2704 imperitum
456 2630 588 2705 aliquem,
608 2652 687 2704 atque
706 2635 771 2690 adeo
792 2635 944 2712 malignum
961 2632 1077 2693 iiiiafilk
1088 2634 1118 2689 ri·

117 2702 175 2764 dcc.
196 2710 285 2776 itaque
299 2725 359 2761 cum
374 2708 505 2761 rationem
521 2709 620 2764 nullam
635 2705 739 2772 afferat,
753 2731 798 2785 cur
813 2709 1018 2785 inscriptionem
1028 2707 1120 2769 t’anaetii

118 2772 298 2842 immutasset,
319 2781 420 2837 invidia
435 2800 541 2838 motum
556 2786 633 2841 illum
647 2784 794 2843 existimat.
816 2790 888 2843 itane
901 2799 982 2844 vcro?
1004 2790 1120 2845 rationem

119 2856 317 2916 ili'ctiesiccro
330 2877 384 2911 iiori
399 2861 500 2932 potnit,
521 2881 567 2915 cur
584 2864 620 2915 iia
640 2859 761 2917 sentiret?
783 2883 830 2920 nec
845 2863 993 2922 humanius
1010 2866 1062 2938 ejus
1075 2860 1121 2919 fen·

119 2939 230 2999 tentiam
241 2933 336 2989 cxliiii
352 2934 516 3003 interpretari
536 2933 673 3010 potuisset?
693 2957 737 2993 aut
752 2937 841 2997 saltem
857 2940 1017 3017 diligentius
1028 2937 1120 2996 investi·

119 3032 182 3093 gai:
205 3029 256 3085 qua
274 3012 313 3063 vir
327 3008 492 3066 dusiislimus
512 3015 616 3067 ratione
633 3012 822 3069 deduceretur!
842 3018 957 3089 Quanto
970 3012 1119 3077 modestius,

118 3105 273 3163 quantoque
286 3088 391 3161 gravius
408 3088 522 3142 loannes
536 3087 651 3163 Baptista
667 3092 794 3167 Egnatius
809 3091 848 3144 vir
864 3094 984 3149 inomni
1000 3090 1121 3167 discipline

119 3165 205 3233 clarus
216 3160 439 3236 ipsiuss'iccronis
449 3165 600 3219 auflorirati
613 3165 645 3218 de
663 3163 712 3220 hac
725 3165 898 3240 inscriptione
914 3164 1119 3242 acquiescendum

120 3238 171 3303 esse
183 3238 282 3295 slatuit.
295 3241 366 3307 cujus
379 3237 488 3311 quidem
504 3240 631 3307 judicium
644 3261 705 3297 cnm
720 3242 748 3295 in
763 3243 861 3297 caetcris
877 3247 1021 3309 omnibus,
1032 3263 1086 3302 tum
1097 3243 1120 3311 iu

119 3312 163 3374 liis
177 3316 249 3371 lib'ris
263 3333 329 3388 quos
343 3313 385 3367 illc
400 3314 426 3367 in
443 3316 537 3386 primis
553 3315 716 3380 admiratur,
738 3336 790 3393 ego
806 3316 905 3383 secutus
921 3318 998 3394 spero
1013 3340 1056 3377 mc
1068 3336 1121 3374 con·

119 3389 287 3451 secuturum,
309 3408 337 3444 ut
348 3407 443 3465 omnes
456 3385 588 3446 fateantur
600 3393 700 3446 reclum
712 3395 848 3449 Ciceronis
861 3393 991 3463 iudicium
1006 3391 1090 3459 fuissit,
1106 3387 1120 3447 s

119 3486 194 3540 prius
207 3466 368 3526 viderimus,
390 3464 485 3536 quibus
503 3469 668 3539 argumentis
682 3469 751 3526 eal.
762 3464 904 3529 confirmet
921 3468 1046 3529 officium
1059 3470 1120 3527 latiur

120 3539 286 3618 propositum
297 3542 450 3599 Ciceronis,
465 3559 545 3613 quain
560 3538 652 3598 officia
664 3545 818 3618 coitiplcc‘li.
840 3547 911 3601 Curti
928 3549 1018 3622 inquit
1032 3551 1118 3604 unirer·

121 3616 179 3681 sum
192 3616 224 3670 dc
237 3636 286 3674 co,
304 3614 375 3689 quod
389 3616 421 3670 ad
437 3613 578 3673 hominem
594 3623 721 3692 pertinet,
731 3618 857 3696 quodque
872 3624 917 3699 agi
934 3624 1007 3680 decet
1018 3628 1045 3680 in
1058 3615 1121 3678 omni

119 3690 287 3786 iltutus
309 3691 351 3777 ln
369 3690 445 3777 llus
464 3695 606 3778 irritus
619 3696 729 3781 liuto>
749 3714 807 3782 trs
823 3715 915 3781 insu
930 3698 968 3784 sd.
987 3701 1121 3783 tiquam

1071 3788 1119 3878 rr·
1147 3866 1150 3871 .
