2490 4500
167 272 250 366 ’Μ

175 395 228 449 que
244 379 397 443 amarioribus
404 380 434 431 ad
452 377 638 438 norderivatut,
654 388 685 431 ne
695 370 979 445 ,laudemquidemess'm
995 368 1194 444 sapientilliuulii
1228 376 1235 383 '

177 449 202 496 le
219 449 253 494 vir
270 448 349 493 Vlixes
363 445 512 494 existimavit.
547 447 634 509 Neque
649 457 737 493 tevero
752 441 858 491 multum
879 443 1049 500 commendo,
1065 441 1208 508 quodsum.
1235 502 1240 505 ,

180 507 409 570 &corporisviribus
417 507 516 570 polleas.
531 503 607 555 fateor
623 521 706 555 tamen
719 504 810 570 aliquid
825 499 871 553 effe
884 507 910 554 in
921 506 974 561 his,
990 505 1060 571 quod
1075 522 1125 555 non
1138 512 1198 553 nme
1229 517 1244 527 “

177 569 291 623 fortuna,
333 584 433 618 uantum
450 567 480 616 ab
502 569 586 617 animo
600 570 702 632 pendet,
725 568 915 616 immortalitatis
936 572 1059 617 memoria
1079 567 1198 632 prosequea·

180 633 253 680 dum:
269 586 336 695 quod
352 630 437 681 scilicet
450 636 553 694 Regno,
574 635 662 694 patria,
687 630 813 695 domoque
835 628 868 678 ob
885 629 1021 680 catholice
1038 630 1097 679 fidei
1112 630 1200 679 ardore!

181 707 232 742 tam
248 695 320 758 longe
337 694 405 746 abes,
421 695 551 743 necullum
562 708 589 741 ex
599 695 636 742 his
651 694 762 742 ammnis
774 692 899 748 dolorem,
915 689 1200 742 sedineredibilemaniuro

181 753 266 804 sentias
282 757 444 819 voluptatem:
468 772 545 820 neque
561 758 632 819 Regis
644 759 670 805 in
686 753 856 805 consobrinum
873 769 944 803 tuum
965 754 1082 805 Iacobum
1098 752 1202 804 Smuduu‘
1232 753 1239 763 ’

179 819 322 874 clementia,
344 820 381 868 cui
394 835 449 869 cum
470 818 582 866 Moravie
596 820 727 882 Principatu
748 815 818 867 suam·
830 814 1002 866 consobrinam
1023 833 1123 867 uxorem
1141 814 1203 865 dedit:

180 896 261 945 neque
270 885 472 931 communiscum
491 886 512 928 R
542 897 555 928 e
569 881 677 930 educatio
686 890 840 944 permovent,
855 881 937 929 inuno
950 895 984 928 ne
999 895 1101 930 movent·
1114 879 1203 946 quidem·

181 945 339 1006 putescum,
356 945 459 1004 majores
475 895 588 1008 qussiam
605 943 680 1006 opes,¹
692 947 717 992 &
735 943 857 999 firmiora,
872 957 1010 1007 quamque
1024 941 1134 998 amisisti,
1147 937 1206 1004 przfi·

180 1005 221 1054 dia
230 1001 274 1053 esse
282 1006 413 1069 quaerenda.
447 1011 475 1053 ln
484 1007 647 1069 corporisvero
656 1005 729 1054 bonis
744 1005 769 1054 id
784 1004 870 1056 habes,
885 1004 953 1069 quod
968 1003 1010 1054 effi
1026 1008 1061 1054 ies
1074 1007 1120 1054 oris
1133 1032 1140 1060 1
1152 1014 1206 1065 atque

182 1063 301 1116 sermonis
317 1070 394 1116 animi
410 1063 552 1116 nobilissimi
566 1066 616 1116 filia
625 1066 661 1116 sit.
677 1068 722 1116 Sed
730 1067 789 1117 belli
801 1067 876 1116 studia
884 1069 910 1115 in
918 1066 974 1129 ipsis
982 1021 1081 1129 ephebis
1095 1067 1162 1121 inire,
1175 1080 1205 1114 er·

184 1130 242 1179 dem
262 1132 359 1195 animo,
375 1136 446 1195 atque
459 1146 542 1179 amore
557 1125 690 1196 prosequi,
714 1134 739 1180 lle
754 1146 809 1179 cum
821 1131 920 1184 litteris,
936 1133 961 1178 &
978 1127 1144 1191 Philosophia,
1155 1143 1206 1177 tam·

184 1207 259 1257 quam
272 1195 329 1240 alter
344 1197 445 1245 Brutus,
461 1195 616 1255 conjungere,
638 1194 733 1242 nemini
747 1208 863 1256 umquam
882 1190 911 1240 ab
934 1193 1009 1242 initio
1022 1193 1122 1242 humaui
1158 1192 1208 1240 neria

184 1254 280 1317 obtigit.
314 1259 401 1320 Magna
414 1254 466 1304 sum
480 1256 522 1303 ista
538 1254 663 1318 profesio,
689 1256 846 1304 &ineruditar
862 1249 996 1303 mediocria
1010 1265 1108 1312 tamen,
1148 1266 1208 1303 caera

185 1315 324 1380 spestemrts.
339 1318 406 1383 quod
422 1315 507 1367 scilicet
521 1317 603 1366 decem
618 1318 769 1382 linguarum,
784 1318 918 1366 multorum
933 1316 1098 1372 idiomatum,
1112 1319 1206 1367 omniurn

184 1378 361 1441 disciplinarum
370 1382 536 1443 cognitionem
550 1394 604 1429 ante
619 1379 759 1444 vigesimum
781 1383 870 1429 timum
888 1381 961 1427 atatis
976 1394 1074 1428 annum
1086 1378 1206 1443 fisadeptu

187 1445 213 1492 δι
231 1441 394 1505 digladiandi,
413 1441 526 1497 saltandi,
542 1444 656 1492 omnium
670 1396 867 1507 gymnadicarum
882 1444 1102 1500 exercitationum,
1122 1441 1208 1506 &equi

185 1504 252 1552 tandi
269 1503 344 1551 studia
362 1517 488 1553 rauracum
504 1507 619 1553 alacritate
632 1506 739 1570 ingenii,
757 1506 881 1569 animique
902 1505 1073 1557 humanitate,
1095 1500 1206 1554 mansuar-
1235 1540 1241 1561 r,

185 1565 256 1620 dine,
272 1565 419 1614 &facilitate
433 1568 598 1624 conjunxeris,
615 1581 641 1615 ut
649 1567 712 1616 nihil
729 1580 752 1615 te
768 1565 947 1622 admirabilius,
968 1567 1034 1615 nihil
1048 1567 1119 1615 etiarn
1134 1563 1207 1616 amabi-
1235 1594 1238 1601 ·

183 1626 232 1676 lius
247 1628 339 1688 repetiti
351 1626 426 1688 possit.
462 1631 506 1677 Sed
523 1644 574 1676 non
591 1628 778 1678 innumerabiles
792 1630 844 1679 vitae
865 1642 909 1677 tuae
926 1625 1048 1677 transaslae
1065 1630 1154 1679 laudes:
1167 1643 1207 1677 uon
1236 1666 1244 1693 ζ

184 1688 313 1738 mirficum
326 1691 394 1737 illam
410 1704 490 1738 coram
514 1690 665 1740 serenissimo
683 1692 803 1754 Principe,
827 1706 853 1739 ac
868 1689 1036 1740 Illustrilsrmis
1052 1698 1141 1740 Veneta
1153 1691 1208 1753 ueip
1231 1696 1234 1703 '

184 1767 198 1817 p
214 1749 319 1801 oeeribus
341 1753 477 1801 astionem:
500 1769 551 1801 non
567 1751 727 1803 subtilissimas
740 1767 791 1803 tuas
803 1749 993 1817 deTheologia‚
1012 1752 1171 1818 Philosophia,
1188 1757 1209 1802 dr

185 1813 255 1863 rebus
272 1816 448 1865 Mathematicis
456 1812 625 1879 disputationes
640 1818 665 1865 in
681 1814 796 1881 plerisque
812 1817 977 1875 maximorum
991 1811 1209 1884 hominum-conses-

186 1875 250 1925 sibus
273 1873 413 1926 recensebo:
447 1895 498 1927 non
513 1893 634 1927 tantorum
652 1880 785 1928 hominum
805 1878 834 1927 ad
848 1893 871 1926 te
886 1878 1020 1927 videndum
1034 1885 1177 1930 concursum,
1188 1888 1208 1926 ut

187 1942 251 1988 olim
269 1940 362 1988 Platoni
379 1956 391 1987 a
409 1940 486 1989 Sicilia
509 1943 648 1995 revertenti,
665 1942 749 1990 relisto
768 1942 899 2006 Olympico
913 1939 1065 2003 spediaculo,
1089 1956 1136 1992 tota
1151 1942 1209 1991 Athe·

186 2001 306 2050 niensium
320 2001 440 2051 celebritas
457 1999 577 2051 occurrisse
594 2002 680 2052 fertur:
697 2020 752 2054 cum
766 2018 790 2053 te
805 2019 892 2052 omnes
904 2004 973 2068 figno
982 2002 1060 2053 rubeae
1067 2003 1142 2061 Rosa,
1156 2001 1210 2069 quod

185 2064 231 2113 ribi
247 2077 328 2113 natura
341 2066 399 2113 eirea
417 2064 527 2113 dextrum
542 2068 627 2114 lumen
644 2065 774 2126 impressit,
798 2079 922 2130 tamquam
938 2068 1056 2119 unicam,
1073 2071 1099 2116 &
1113 2069 1211 2116 raramin

187 2128 335 2175 terris-avem
352 2127 466 2175 homiues
480 2127 653 2192 cognoscerent.
670 2133 728 2196 Quae
742 2130 809 2177 enim
825 2142 906 2192 gentes
918 2141 969 2176 tam
985 2126 1040 2177 serae
1054 2126 1120 2186 sunt,
1132 2142 1212 2194 queue

187 2205 243 2238 curn
261 2187 420 2252 adspexerint,
441 2205 492 2238 non
514 2192 648 2239 rrrauimum
667 2189 749 2252 cepisse
772 2190 876 2240 frustum
892 2192 992 2254 putent?
1016 2191 1079 2248 Sed,
1094 2193 1214 2256 hisprater·

187 2251 278 2306 millis,
296 2268 359 2299 nunc
373 2252 465 2313 propria
480 2253 593 2301 narrabo:
609 2269 661 2317 quat
677 2251 761 2302 scilieet
770 2256 795 2301 in
810 2255 919 2302 Patavina
927 2252 1062 2302 Academia
1075 2254 1158 2306 fecisti,
1169 2268 1212 2302 rum

186 2329 239 2425 qun
254 2316 279 2359 in
296 2313 338 2362 hac
347 2311 422 2368 Vrbe,
437 2317 512 2363 totius
523 2315 594 2363 Orbis
610 2315 772 2364 nobilissima:
789 2315 1069 2378 eujusatnplitudinem,
1089 2311 1212 2383 &augustis

197 2391 273 2424 imam
290 2376 505 2434 majestateminter
521 2394 608 2426 omnes
619 2380 676 2426 alias
691 2381 793 2426 civitates
804 2392 827 2426 te
842 2380 959 2442 accipere,
979 2375 1080 2436 fovere,
1095 2395 1117 2429 at
1134 2397 1159 2430 ue
1171 2394 1212 2428 anr-

185 2439 258 2549 pleeii
267 2438 357 2486 decuit:
374 2450 397 2485 te
413 2455 469 2487 vero
487 2440 577 2495 etiam,
602 2440 702 2488 humani
718 2441 809 2503 generis
832 2442 993 2495 miraculum,
1010 2441 1120 2490 admirari
1148 2447 1211 2491 rnVr·

206 2517 245 2549 em
262 2502 379 2555 incolere,
401 2514 499 2556 amore,
523 2502 674 2551 &omnibus
690 2505 742 2551 aliis
757 2515 907 2566 anteponere.
943 2507 1027 2558 Nam,
1052 2505 1168 2570 poliquam
1179 2502 1213 2552 ad·

186 2565 250 2612 versa
259 2564 395 2632 valetudine
407 2565 454 2621 jain
472 2579 583 2629 quatnror
598 2564 688 2612 rurensis
703 2562 843 2616 laborasses,
859 2564 997 2629 priusquam
1015 2567 1041 2612 in
1052 2569 1164 2634 integrum
1176 2566 1211 2630 pri·

188 2626 252 2676 sliur:
266 2627 367 2673 sanitatis
381 2626 465 2673 starum
480 2628 580 2683 redires,
597 2630 730 2676 annuorum
748 2627 847 2676 confilio
864 2628 893 2675 ad
908 2629 1050 2676 Patavinam
1061 2632 1212 2683 Academiam.

190 2700 304 2736 tannuam
322 2689 351 2734 al
369 2690 490 2747 Sapientis:
506 2690 654 2745 cinisium,
679 2689 798 2752 prosedus
813 2707 856 2743 es,
877 2689 919 2738 ubi
933 2688 1018 2738 Idibus
1032 2695 1113 2742 Martii
1126 2695 1150 2742 in
1160 2693 1213 2741 diem

188 2749 343 2861 sequentem,
369 2748 471 2813 sitscepto
491 2753 590 2800 eotrsslin
613 2769 699 2800 omues
714 2756 827 2800 omnium
854 2751 1032 2815 disciplinarum
1051 2752 1214 2818 professoresiu

192 2824 211 2861 ae
229 2813 281 2860 ibus
291 2811 421 2860 Clarillimi
439 2813 480 2862 viri
495 2815 576 2862 iacobi
591 2816 676 2863 Aloisii
691 2817 817 2870 Cornelii,
841 2817 890 2873 eius
902 2817 1058 2872 auiloritate,
1075 2821 1100 2868 ἃ
1113 2818 1213 2882 precibus,

191 2877 218 2925 ut
233 2889 437 2930 convocarentur,
462 2878 555 2937 petiisti.
578 2894 631 2925 curn
651 2892 731 2925 autem
747 2879 867 2925 maximus
888 2877 1088 2928 dosliisrmorum
1103 2882 1214 2930 hominum

189 2953 279 2988 coetus,
296 2942 415 3000 &omnes
424 2954 452 2985 eu
461 2936 577 3000 insperato
587 2957 651 2997 pene
666 2939 776 2994 studiosa,
796 2944 819 2988 δι
834 2938 929 2988 nobiles
943 2941 1074 3003 Gymnasii
1086 2945 1215 3004 iuvenesnon

190 2997 366 3055 conuenissent,
383 3001 459 3048 stetim
477 3003 501 3047 in
519 3005 590 3065 primi
605 3000 715 3065 ingrersus
732 3000 846 3050 vestibulo
861 3003 1040 3065 elegantissimo
1057 3009 1215 3056 carminel‘ate·

189 3067 256 3113 vinas
269 3063 349 3111 laudes
366 3069 475 3127 (uranica
484 3063 528 3112 tibi
537 3064 652 3124 pra-posta
671 3077 719 3111 crat
735 3065 764 3112 ad
772 3064 900 3112 dicendum
909 3069 1010 3115 materia
1020 3068 1027 3123 l
1043 3065 1216 3131 extemporede·

189 3126 301 3176 cantasti:
317 3126 403 3173 deinde
417 3142 471 3173 cum
489 3127 646 3174 celeberrimis
663 3128 710 3174 illis
728 3125 866 3177 doctoribus
880 3129 958 3176 multa
975 3146 1005 3178 ex
1022 3133 1094 3180 variis
1107 3128 1214 3190 disciplinis

189 3202 240 3238 tam
256 3201 322 3236 acute
338 3190 470 3249 exagitasti,
485 3199 534 3236 lam
548 3191 618 3237 dode
631 3190 785 3250 perstatiasti,
802 3187 935 3252 erroresque
953 3193 1102 3250 aristotelis,
1116 3210 1140 3242 ac
1155 3195 1213 3239 iuter·

190 3265 284 3315 pretum
298 3265 348 3297 tam
366 3248 440 3298 solide
454 3250 570 3306 refutasti,
586 3267 650 3299 raiaza
667 3252 770 3317 cientque
778 3267 833 3300 cum
843 3255 955 3300 mannus
965 3256 1022 3303 viris
1032 3257 1144 3306 modestia
1151 3252 1209 3318 egeln

190 3327 217 3362 ut
232 3330 318 3362 omnes
336 3316 360 3360 in
378 3315 468 3361 uirtutis
481 3314 683 3365 admirationem,
700 3317 724 3362 ss:
737 3329 835 3362 utrorum
848 3311 968 3363 suavitatis
984 3334 1097 3366 amorem
1115 3318 1174 3366 simul
1185 3315 1210 3362 ll·

190 3376 282 3423 leneris.
317 3379 402 3440 Neque
418 3375 440 3422 id
456 3376 549 3436 silentio
564 3376 749 3439 pretereundum
767 3377 814 3433 eli,
829 3376 895 3438 quod
912 3393 940 3424 ex
951 3392 1064 3443 tempore
1081 3384 1159 3436 etiam,
1171 3375 1208 3440 poli

192 3436 229 3485 sex
244 3439 356 3485 horarum
375 3438 404 3485 de
419 3455 441 3484 re
452 3440 562 3486 litteraria
576 3440 697 3502 colloquia
711 3443 734 3487 Cu
752 3438 935 3502 disputationes,
950 3458 1008 3490 cum
1024 3443 1106 3491 oblata
1120 3441 1157 3490 tihi
1169 3436 1225 3488 eset?

190 3501 369 3562 ignorationem
384 3501 496 3548 laudandi
514 3501 619 3556 occatio,
635 3514 684 3548 tam
704 3517 785 3549 orrrate
800 3502 865 3550 deca
880 3517 904 3550 rc
921 3503 1016 3555 dixisti,
1032 3508 1107 3554 utilli
1120 3502 1165 3567 ips,
1176 3497 1206 3564 qui

191 3563 334 3628 interqrant,
350 3564 428 3623 potius
444 3560 647 3615 somniatorem,
663 3580 735 3625 etaiam
749 3580 800 3611 rem
816 3579 910 3619 veram,
928 3569 952 3612 dr
967 3566 1105 3626 praesentem
1119 3556 1203 3616 videres

210 3623 279 3672 utalle
290 3625 349 3670 mihi
365 3626 442 3683 postca
458 3625 604 3674 affirmarim.
637 3627 719 3673 Alium
735 3628 813 3687 postea
826 3624 891 3674 diem
906 3628 1015 3678 indixisti
1032 3631 1059 3678 in
1076 3629 1153 3678 adibus
1163 3625 1200 3672 llll·

192 3640 407 3736 ihirlirnimuvim
417 3688 536 3752 Episcopi,
552 3705 603 3737 non
621 3702 646 3736 ut
655 3690 724 3736 altius
738 3690 828 3754 ingenii
843 3689 878 3736 tui
892 3685 1013 3750 specimen
1044 3692 1146 3747 reberes,
1155 3679 1197 3752 dms

191 3749 300 3817 profesto
308 3747 390 3800 frustra
401 3748 505 3808 fecistis,
521 3748 560 3805 sed
571 3764 596 3805 ut
608 3766 709 3809 corium,
725 3754 767 3818 qui
780 3752 863 3818 primis
876 3749 1034 3816 disputationi
1095 3752 1198 3861 nonus&
