2490 4500
106 262 182 345 216

111 354 345 415 lrtruscommuni
361 352 507 412 hominum
517 350 652 411 consortio
660 354 879 415 accommodate.
899 354 1104 437 Torpemlmtl,
1135 391 1145 423 ς

108 442 136 494 δε
151 451 232 509 prope
246 436 381 507 impium,
401 451 463 487 eum
478 450 534 487 non
548 432 573 487 se
583 432 650 486 tanti
663 428 763 495 facete,
782 432 1098 511 quanririrruresnspnn
1133 468 1145 477 -

109 510 159 565 dor
171 512 256 565 animi
271 516 298 565 dt
310 526 399 565 tetum
412 528 428 563 a
443 509 468 563 l'e
481 504 615 585 gestarum
629 510 717 583 gloria
727 506 855 583 postulat.
891 512 986 587 Quare
1000 530 1015 565 e
1032 528 1104 587 opto
1135 542 1145 585 :

108 586 176 642 rann
190 588 259 647 riri,
282 602 338 639 non
352 584 419 641 adeo
432 583 565 662 Regulum
582 582 746 641 laudaverim
761 622 770 647 ‚
789 587 838 659 qni
850 584 943 642 voleus
957 605 987 643 ae
999 528 1103 644 segientit
1134 596 1145 653 ξ

108 680 171 717 eum
180 662 299 717 selorum
310 662 437 726 conjecit,
455 662 502 731 qui
516 657 563 715 sibi
575 658 738 717 atrocissima
754 658 921 735 supplicia&
935 662 1046 719 exitium
1057 680 1102 719 cun
1135 698 1138 707 ·

108 738 216 795 sunrma
229 738 336 793 luorum
346 739 446 792 ciuium
462 737 563 803 incluta
574 738 711 792 excitarit.
748 736 829 811 Quid
841 756 904 793 vero
918 737 1030 801 dicam,
1048 735 1103 812 qnt
1134 774 1137 780 -

110 810 311 871 lutitianorum
323 816 404 868 etiam
417 810 535 868 hostium
546 810 651 867 caulam
668 814 808 869 meliorem
820 811 908 870 feeit?
935 814 984 889 qui
995 810 1104 887 quumil·
1133 874 1137 882 ,

110 889 167 945 lum
185 885 347 945 acerinffime
366 906 542 957 torquerent.
569 906 631 943 eum
652 892 761 945 meritas
779 885 922 964 perfidie,
947 910 978 946 ac
991 894 1102 963 rire*

111 962 253 1038 territur,
273 966 301 1022 td
315 961 368 1029 est,
389 968 493 1023 riolarae
505 963 645 1045 legationis
658 982 756 1042 poenas
769 964 841 1022 luere
853 964 1037 1025 causabantur.
1135 987 1138 994 ·

219 1123 278 1189 M.
298 1124 375 1185 tint.
396 1122 571 1214 1llaoragr'r'
590 1121 709 1208 Decifio
726 1120 875 1215 vrgefima
895 1125 1020 1213 quinta.

194 1254 301 1313 {lull-s
314 1252 432 1327 Reguli,
457 1250 530 1327 quod
550 1252 648 1308 ultimo
668 1252 726 1307 loco
748 1271 825 1309 vocas
845 1252 876 1309 iu
896 1250 1105 1332 disquifitioneo’
1134 1308 1144 1322 ,

195 1352 249 1387 nun
266 1330 302 1387 cll
321 1331 393 1391 «rutil
412 1330 460 1386 tibi
481 1328 572 1386 multis
584 1328 669 1383 verbis
682 1326 879 1402 respondeam:
904 1348 967 1387 cum
1001 1332 1102 1391 resectio
1137 1386 1144 1395 .

111 1428 205 1486 ptzum
225 1395 518 1467 hocnl‘Ciceronem,
545 1405 593 1477 qui
612 1424 667 1459 non
688 1404 786 1479 Reguli
806 1403 968 1481 sapientiam
981 1350 1105 1493 locun..
1138 1445 1144 1453 -

112 1502 235 1540 numnis
248 1484 368 1537 maxima
380 1477 456 1535 suill'e
469 1480 604 1543 rideatur,
624 1479 666 1536 sed
681 1478 761 1538 fidem
776 1479 882 1539 laudate
902 1501 989 1561 neque
1002 1482 1046 1541 dis
1136 1489 1144 1545 ,“

112 1546 194 1633 riuum
209 1556 336 1632 sapienter
347 1574 406 1610 cam
421 1557 584 1685 leporionem
597 1552 757 1633 susceperit,
788 1556 831 1613 sed
843 1578 928 1635 quam
943 1557 1104 1639 religiosius
1121 1609 1124 1618 .

112 1633 254 1709 jurandum
270 1632 417 1687 l‘ereaeerit.
466 1650 482 1685 ιι
498 1649 561 1685 vero
573 1632 663 1688 locum
678 1632 748 1689 hune
761 1631 835 1709 quast
850 1634 967 1693 dubium
981 1645 1008 1695 δι
1019 1631 1115 1694 conno'·
1136 1637 1142 1646 '

113 1708 217 1766 serlum
234 1709 349 1781 arripis,
375 1714 401 1763 dt
417 1706 606 1763 declamatorio
620 1708 739 1780 quendam
750 1708 857 1767 dicendi
869 1730 970 1793 genere
983 1708 1104 1776 saslumil·

113 1785 320 1860 lndimprobas‚
340 1781 414 1859 quod
427 1782 487 1837 sane
500 1785 527 1839 in
540 1802 682 1860 uterumque
690 1802 791 1859 partem
799 1785 909 1863 copiose
916 1790 1024 1848 rrastari
1030 1783 1104 1867 potest.
1137 1791 1143 1799 '

112 1860 162 1920 Sed
176 1860 280 1924 desere,
300 1861 403 1937 quatio,
424 1859 881 1927 declamatoriisexercitationibus,
904 1864 1103 1939 quoniamdoui
1136 1865 1140 1874 '

113 1940 192 1996 nobis
211 1938 261 1993 ista
280 1936 432 1993 nascuntur.
471 1934 653 2011 relinquamus
673 1937 724 1993 lroc
741 1944 944 1999 exercitationis
961 1962 1042 2019 genus
1056 1941 1104 2001 cdo·

112 2014 266 2074 lescentibus
282 2020 308 2069 ὁ(
325 2014 427 2088 pueris,
448 2012 545 2084 quibus
558 2009 724 2070 utilrffimum
739 2010 777 2070 est
788 2013 838 2072 lros
850 2014 925 2074 locos
938 2020 1059 2081 tractare,
1069 2017 1104 2074 ἰι

114 2110 167 2172 que
179 2094 207 2146 in
222 2108 363 2163 terramque
375 2106 477 2165 partem
490 2086 637 2161 disputare,
658 2108 687 2145 ut
698 2090 816 2165 aliquam
833 2090 883 2149 fibi
898 2092 1005 2151 dicendi
1020 2092 1104 2153 faulo

112 2185 167 2223 ten·
179 2184 285 2242 parent,
306 2173 331 2221 δι
345 2168 468 2220 latinam
482 2164 643 2218 locutionem
655 2184 806 2222 exerceant.
845 2170 907 2226 Nos
921 2189 986 2229 vero
998 2189 1049 2227 uon
1060 2186 1104 2227 ora·

114 2244 190 2299 coriis
201 2240 313 2298 flosculis
326 2279 333 2302 ‚
361 2238 403 2295 sed
422 2239 571 2295 rationibus
589 2258 739 2324 pugnemus
754 2264 761 2297 ε
789 2262 845 2301 non
858 2244 918 2302 illas
930 2244 1035 2304 dicendi
1047 2262 1108 2305 rem·

114 2339 175 2379 res,
206 2336 259 2371 non
276 2315 455 2371 lascivientem
475 2317 560 2390 tropis
574 2322 600 2371 &
614 2315 791 2375 schematibus
803 2320 988 2383 elocutionem
1002 2360 1011 2387 ,
1033 2324 1059 2379 iu
1069 2328 1105 2379 ltot

113 2392 257 2471 prael'ertim
272 2390 423 2467 disputandi
437 2408 550 2467 genere,
570 2388 722 2467 sequamur.
741 2392 791 2451 Sed
801 2416 857 2452 rem
865 2396 971 2473 ipsam,
1007 2414 1106 2477 uampw

113 2471 238 2525 manibus
260 2466 416 2529 habemns,
455 2465 595 2543 diligenter
614 2471 777 2525 enucleando
797 2473 937 2531 veritatem
961 2418 1107 2553 indagemus.

114 2550 207 2619 Quam
221 2549 294 2601 enim
308 2540 413 2619 copiose
425 2562 500 2619 putas
512 2562 555 2597 me
567 2541 638 2617 posse
647 2549 751 2601 caulam
764 2546 968 2615 lraercttaelare,
990 2550 1108 2629 sipandur

113 2623 194 2678 eelim
205 2622 335 2678 orationis
348 2620 422 2673 vela?
441 2618 490 2675 ¹5ed
503 2638 558 2675 non
571 2616 685 2677 faciam:
707 2642 739 2678 ne
753 2622 779 2680 id
792 2624 898 2699 ipsum,
918 2627 996 2703 qnod
1011 2632 1038 2684 in
1049 2646 1072 2685 te
1082 2626 1108 2681 ti·

113 2718 207 2770 mpero
221 2737 229 2761 ,
255 2698 424 2753 committere
436 2694 537 2750 videar.
576 2694 664 2769 lpsam
679 2715 782 2755 rantum
796 2718 852 2757 rem
866 2700 1019 2762 brevissime
1030 2721 1109 2781 propu-

113 2794 197 2836 nam,
217 2782 244 2831 dc
256 2770 396 2829 ostendam
412 2808 420 2833 ,
447 2788 499 2827 ate
515 2768 570 2826 stne
583 2770 658 2827 causa
672 2770 773 2831 fastum
787 2772 838 2832 hoc
850 2778 1015 2853 improbari.
1077 2772 1110 2836 uid

114 2870 154 2907 ars
169 2850 267 2928 igitur?
286 2846 472 2903 damnandnm
487 2844 525 2903 est
538 2847 603 2903 illud
616 2852 689 2921 quod
704 2868 759 2905 tom
773 2855 912 2930 egregium
924 2875 1024 2915 omnes
1035 2782 1110 2915 esffli·

114 2945 192 2983 mont
203 2924 299 3003 Reguli
312 2922 431 2985 facium,
451 2925 498 2997 qui
513 2924 635 2981 maluerit
647 2925 679 2979 ad
693 2926 900 2987 crudelissimum
913 2930 1035 2996 hostem.
1055 2928 1110 2991 &ad

112 2999 242 3078 exquisita
255 2996 382 3074 'supplicia
396 2997 525 3074 proficisci
538 3037 546 3063 ‚
575 3018 657 3075 quam
669 3001 851 3071 jusjurandum
862 3006 967 3065 'violate
980 3020 990 3066 Ξ
1015 3011 1062 3067 Sed
1072 3022 1113 3085 qul

112 3079 145 3135 de
158 3078 233 3134 causa
246 3075 431 3131 damnandum
444 3072 547 3131 ccnles!
568 3093 602 3130 an
618 3076 690 3149 quod
706 3078 851 3149 jusjurandi
862 3082 1025 3157 religionem
1041 3086 1113 3142 mati·
1139 3089 1142 3120 ⁵

112 3173 187 3210 mam
206 3149 253 3209 else
267 3150 385 3209 censuit?
407 3154 467 3208 Hoc
480 3170 543 3206 veto
558 3170 640 3205 nemo
654 3150 709 3215 cst,
730 3158 796 3221 quin
809 3156 960 3233 intelligat,
983 3156 1113 3219 honestiffi·
1139 3187 1142 3222 Ι

111 3250 189 3287 mum
203 3223 263 3285 else.
285 3232 327 3283 An
340 3226 413 3301 qnod
429 3225 544 3282 reversus
556 3224 594 3281 est
609 3227 641 3284 ad
655 3226 803 3300 supplicia,
828 3228 892 3289 eum
910 3234 993 3309 posset
1005 3242 1033 3296 in
1044 3236 1112 3315 patria
1138 3227 1142 3292 l

110 3306 198 3363 secure
210 3308 297 3361 virere
311 3314 319 3359 l
343 3310 377 3357 At
392 3301 409 3357 sr
423 3302 472 3359 lroc
486 3300 582 3357 l'ecill'er
597 3341 605 3365 ‚
633 3307 750 3379 perjurio
764 3310 847 3365 vitam
859 3306 933 3365 suam
947 3306 1112 3372 contaminas·
1139 3325 1141 3376 ;

110 3384 157 3441 ser.
178 3386 244 3437 Non
258 3378 446 3457 igirnrvi‘ko,
469 3380 534 3454 quid
548 3378 625 3453 pollis
634 3380 833 3465 reprehendere.
855 3386 1110 3447 Verumilludolleo·
1138 3377 1141 3434 ἶ

108 3460 312 3519 dercconaris,
341 3452 436 3511 l'rnstrt
448 3454 610 3529 legationem
625 3454 757 3536 lirlcepilse
771 3459 931 3537 Regulum,
961 3462 980 3523 sr
996 3464 1110 3543 ipl'epra·
1135 3457 1141 3474 “

107 3536 269 3612 cogitaverat
285 3551 403 3609 caprinos
418 3531 490 3586 reddi
506 3551 560 3585 non
575 3530 669 3589 debete
686 3556 692 3589 ε
718 3532 853 3611 secilseque
872 3556 966 3597 contra
982 3540 1047 3599 datae
1062 3534 1109 3595 fidei
1138 3539 1141 3592 :

109 3622 304 3668 lucrementum
319 3646 328 3673 ‚
353 3606 425 3682 quod
440 3605 597 3663 adhortatus
611 3607 658 3670 lit,
679 3630 712 3667 ne
726 3610 752 3666 id
766 3608 861 3673 fieret,
879 3618 955 3684 cujus
965 3614 1063 3675 causa!
1090 3630 1109 3665 a·
1136 3629 1141 3706 p

107 3685 309 3744 rnsadvenerar.
331 3687 397 3742 Huc
419 3685 573 3757 (mopinot)
597 3682 998 3751 summaestaccul'ationistuae.
1017 3632 1108 3765 Quill
1135 3707 1141 3768 p

107 3783 157 3829 nos
170 3760 342 3821 docuerimus
359 3798 367 3826 ,
393 3778 478 3839 neque
492 3755 590 3818 frustra
602 3760 765 3837 legationem
777 3782 841 3826 eum
855 3762 990 3846 litseepill'e
1004 3806 1013 3839 ,
1039 3778 1106 3837 nequ
1138 3815 1141 3836 Ι

509 3848 513 3855 “
1050 3854 1104 3899 <08¹
