2490 4500
107 228 183 309 226

105 327 294 404 Atheniensium
307 327 339 389 dr
351 323 475 403 majorum
490 320 609 403 destituta
619 318 780 403 seruentur.
806 322 842 389 Et
853 319 1055 407 ‘sltemiilorlerq'

106 405 168 462 dem
183 403 252 462 niltil
263 402 350 467 dirit,
372 405 400 459 in
413 422 468 479 quo
481 402 535 479 ipse
551 407 721 480 Areopagum
737 405 881 479 adjuverire
900 427 927 465 at
939 411 978 466 rlle
989 424 1055 466 teter

107 481 227 556 adjutum
248 478 477 539 Themistocleme
498 477 536 535 est
554 480 628 536 euim
645 479 741 538 bellum
760 481 868 560 gestum
885 482 990 543 consilio
1005 490 1055 542 Sena

107 559 178 630 eius,
201 558 248 632 qui
260 576 276 613 a
290 556 385 615 Solone
398 573 453 612 erar
466 553 637 613 constiturus.
677 560 730 614 Hie
741 575 771 614 ιιι
782 560 942 617 Ciceronem
958 564 1055 639 impugu

107 652 187 710 atque
204 634 297 706 objicit
320 637 520 709 interpretatum
539 651 554 688 a
574 629 758 690 Themistocle
775 633 932 701 oraculum,
951 656 1006 695 eum
1024 632 1055 694 0ss

107 707 148 766 dit
160 707 213 766 suis
228 711 345 772 civibus,
364 728 422 784 qua
442 706 530 765 sorent
549 709 638 786 lignea
655 714 774 766 moenin:
796 730 880 784 quum
895 711 1025 789 persuasi,
1042 730 1055 767 u

108 786 221 843 navibus
234 800 384 843 tuerentur:
406 785 514 859 perinde
529 781 602 856 quali
617 780 705 840 forent
718 779 774 842 stre
784 787 886 844 civitati
901 787 1038 865 prosoturrr

107 866 265 941 Areopagur
283 881 314 919 ea
332 861 379 918 suo
403 861 507 932 judirio'
516 857 720 934 comprobasset.
758 863 844 996 ond
858 884 920 921 reto
933 862 1055 922 Themistr

107 937 248 998 confilium
264 959 295 996 ae
311 938 480 1014 prudentiam
500 938 528 993 in
548 937 617 994 bello
634 938 771 1014 gerendo,
803 940 977 997 ortirudinem
997 943 1055 1000 &it

107 1013 201 1072 striam
216 1016 244 1071 in
257 1013 362 1093 agendo
374 1013 459 1070 verbis
470 1009 635 1089 amplificas:
653 1012 722 1070 nihil
735 1015 806 1071 aliud
822 1010 900 1094 agere
914 1018 1016 1080 rideris,
1026 1018 1055 1074 ni

108 1091 263 1155 credamus,
292 1110 422 1169 magnum
446 1092 637 1163 Imperatorem
658 1096 684 1168 ὃς
705 1093 845 1169 egregium
868 1092 1019 1151 bellatorum
1040 1089 1055 1149 s

108 1160 336 1224 Themistoclem}
355 1185 436 1232 quam
450 1169 472 1220 ei
487 1165 602 1242 gloriam
617 1165 772 1228 telludem,
792 1170 874 1224 etiarn
895 1169 947 1225 stne
960 1173 1055 1227 tuisve

107 1240 186 1300 facile
199 1244 382 1300 concedimus.
404 1239 515 1315 Sedltoc
529 1253 649 1316 tempore
669 1261 724 1299 nott
736 1242 763 1297 id
781 1247 887 1321 agitur,
909 1265 988 1321 quarn
1005 1264 1055 1322 map

109 1322 260 1395 Imperator
274 1316 468 1376 Themistocles
487 1315 582 1374 suerit:
605 1316 646 1373 sed
662 1338 718 1374 uter
735 1321 823 1393 magis
839 1322 956 1396 Reipub,
976 1321 1055 1399 prosu<

108 1395 212 1469 ipsene,
233 1397 368 1452 artSolott.
388 1394 503 1470 Qrdfi
513 1395 586 1469 Leges
606 1395 652 1464 lut
668 1391 707 1450 est
722 1396 828 1452 Pindari
844 1396 990 1469 sententia)
1009 1403 1055 1456 Der

108 1474 283 1545 sortitumque
293 1476 384 1544 regine
395 1474 476 1546 sint.-
497 1471 536 1526 rel
559 1474 566 1539 l
575 1489 603 1526 ut
614 1469 690 1526 docet
704 1474 820 1542 Cicero)
839 1471 857 1528 st
873 1477 927 1530 Lex
943 1475 974 1545 eli
992 1480 1055 1530 oinct

109 1550 247 1609 ciuitatis,
285 1549 417 1602 libertates
434 1545 645 1622 fundamentum,
677 1545 740 1624 suns
758 1553 904 1622 equitatis:
926 1553 1055 1624 &sueram

107 1625 166 1678 elam
181 1638 285 1696 terpora
298 1621 382 1695 trustra
393 1622 453 1697 fine
471 1637 566 1684 niente,
588 1627 628 1678 ita
641 1627 736 1679 ciuitas
745 1625 802 1696 fine
825 1628 920 1701 legibus
934 1629 997 1681 nilr'l
1016 1647 1055 1683 ern

107 1702 154 1762 de,
175 1700 242 1754 nisit
251 1697 402 1775 fhpierrlrr,
431 1699 497 1754 nihil
511 1701 612 1754 utiliter
631 1698 723 1774 efficere
738 1701 829 1776 pateli:
870 1702 981 1778 proseliti
999 1708 1040 1778 qni

108 1778 216 1850 optimas
241 1775 387 1850 constituit,
425 1776 516 1848 qartus
538 1777 732 1849 administretur
755 1772 821 1834 telle
840 1778 948 1852 Respulr.
968 1785 989 1835 r's
1013 1801 1055 1836 ont

107 1856 334 1910 murimreiut'tati
344 1850 453 1927 prorlell.
492 1851 568 1926 Quid
584 1852 658 1907 euim
673 1851 725 1908 stne
739 1854 841 1930 legibus
852 1862 877 1912 δι
892 1855 1002 1912 eoustlio
1014 1855 1055 1912 sot

107 1934 144 1986 do
157 1926 278 2003 prodest,
299 1946 344 1985 aut
363 1925 454 1984 belsica
474 1929 633 2005 prudentia?
654 1925 735 1985 Gessit
752 1926 849 1986 bellum
863 1950 924 1988 cum
942 1936 1027 1990 Xerxe
1042 1934 1055 1985 ἲ

107 2006 254 2063 misiocles‘
279 2012 304 2063 δι
321 2003 430 2081 quidem
446 2000 656 2066 nobilissimum,
675 2024 730 2081 quo
745 2008 858 2080 patriam
875 2006 1055 2065 al’ersatumr

107 2082 248 2138 dominatu
262 2082 395 2138 liberarit:
419 2077 461 2136 sed
475 2100 612 2156 nunquam
635 2080 662 2136 id
681 2074 805 2157 geffisset,
828 2080 875 2138 nist
892 2087 1022 2162 Areopagi
1032 2104 1055 2140 er

103 2155 145 2214 sio
160 2157 292 2214 decretum
307 2153 386 2221 esset,
403 2175 482 2232 quem
499 2162 622 2212 Senatum
645 2175 722 2211 antea
733 2159 814 2214 Solon
830 2159 1009 2217 constituerat.
1043 2162 1055 2215 ἲ

106 2236 115 2289 i
139 2235 190 2290 itur
202 2235 315 2308 Reipub.
328 2231 446 2305 profuit,
467 2233 514 2306 qui
537 2235 663 2289 amorrei
681 2233 803 2312 gerenda
818 2235 886 2298 suit,
906 2256 987 2307 quam
1002 2237 1043 2312 qui

107 2252 153 2364 ἐκ
175 2307 222 2363 rtis
235 2311 308 2363 enim
323 2308 365 2363 ille
379 2306 518 2373 statuisset,
541 2307 584 2365 hie
599 2329 737 2384 uunquam
755 2306 872 2387 gessisset.
892 2313 940 2368 Sed
952 2315 1049 2370 extollis

106 2384 222 2459 quentia
235 2400 286 2440 tuae
302 2387 385 2445 vires,
406 2391 431 2441 δι
446 2387 485 2442 ais
499 2403 523 2440 te
539 2383 608 2460 posse
624 2400 712 2462 regu,
733 2387 844 2463 bellique
860 2388 969 2446 consilia
984 2409 1055 2464 comp

97 2464 155 2522 ‘re,
175 2458 262 2526 civiles
274 2457 465 2538 castrensesque
484 2461 586 2518 labores
603 2456 741 2525 conserte,
779 2481 862 2539 eaque
877 2464 953 2540 passis
967 2467 1052 2541 eloque

107 2537 171 2594 velis
183 2555 354 2616 exaggerare.
393 2541 431 2594 Sit
442 2539 479 2594 ita
496 2539 570 2594 sane:
591 2536 646 2594 esto
660 2539 787 2613 disertus,
809 2547 835 2594 dt
848 2541 986 2617 eloquent,
1005 2541 1030 2597 id
1044 2558 1055 2617 ι

107 2634 160 2693 ego
171 2613 205 2670 de
217 2631 242 2669 te
255 2633 394 2687 nunquam
409 2615 498 2670 auditi
507 2636 514 2669 ε
537 2612 577 2670 scd
592 2615 656 2691 quid
674 2613 724 2670 itoc
744 2615 805 2672 loeo
818 2618 867 2673 tibi
880 2615 984 2688 prodest
999 2619 1055 2693 deq*

107 2696 162 2748 tia?
184 2708 249 2746 num
265 2709 293 2746 ut
306 2691 513 2747 declamantium
532 2711 608 2746 more
630 2710 668 2747 rer
690 2691 791 2748 bellicas
807 2694 935 2754 extollas.
956 2696 1055 2751 urbanas

108 2771 230 2845 primas?
249 2770 313 2823 Haec
333 2768 441 2841 quidem
462 2763 521 2823 esser
541 2768 647 2844 puerilis
666 2768 836 2831 exercitatio,
857 2788 912 2845 quo
929 2788 1021 2848 genere
1039 2767 1055 2825 si

108 2844 179 2922 apud
196 2862 239 2898 me
258 2838 412 2900 nobiiissimi
434 2847 507 2920 pueri
526 2844 737 2900 Mediolanenses
756 2842 810 2900 sere
826 2845 948 2920 quotidie
970 2849 1021 2902 uti:
1040 2865 1055 2922 p

90 2920 161 2981 ‚hoc
175 2919 244 2976 idem
260 2922 368 2975 Marcus
382 2921 534 2980 Fannianus
546 2918 689 2995 discipulus
711 2938 798 2979 meus.
820 2924 866 2995 qui
887 2943 945 2979 noo
963 2924 998 2979 ita
1017 2925 1053 3000 pti

107 3000 232 3057 maxima
246 2996 311 3053 ‘eum
334 2994 477 3051 bominum
495 2997 673 3051 admiratione
693 2996 795 3072 publice
814 2998 846 3054 de
865 2999 924 3054 loro
944 2997 1055 3075 superior

106 3077 237 3135 anaximo
254 3091 386 3129 conventu
406 3076 560 3129 Graeearum
580 3073 717 3129 literarum
739 3077 924 3150 cognitionem
947 3077 1055 3152 improb:

108 3175 157 3212 nec
171 3152 272 3207 minori
283 3147 406 3206 facundia
422 3152 511 3223 paucis
531 3146 589 3222 post
600 3146 692 3205 diebus
703 3151 816 3205 eandem
832 3153 1009 3209 eruditionem
1024 3152 1055 3208 di

108 3248 191 3307 prope
209 3226 331 3284 laudibus
349 3226 505 3288 exornavit,
526 3244 587 3279 eum
612 3225 734 3281 nondum
756 3227 947 3284 duodeeimum
966 3247 1055 3285 annuet

109 3304 216 3383 tigissee.
258 3301 341 3360 Posset
354 3301 405 3358 ltoe
417 3302 488 3358 idem
507 3303 544 3356 T.
559 3301 682 3365 Tonlus,
704 3303 854 3360 franciscus
871 3303 987 3368 Bossrus,
1009 3312 1055 3382 Bap

109 3382 232 3439 Ctts'auus
241 3417 248 3443 ,
258 3378 432 3454 nonnullique
446 3378 490 3433 alii
506 3379 608 3434 eximia
621 3379 673 3454 spe.
687 3376 851 3455 summaeque
862 3385 967 3439 virturis
978 3383 1055 3439 adolet

110 3477 164 3520 tes,
186 3476 254 3529 quos
272 3476 323 3533 ego
343 3456 445 3512 summa
465 3475 527 3510 eum
541 3453 673 3531 voluptate
690 3455 858 3514 declamitare
872 3458 966 3515 doreo.
1006 3461 1051 3516 Sed

111 3554 167 3591 non
179 3537 232 3606 ejus
246 3529 319 3596 sunt,
342 3532 535 3606 quiCiceronis
549 3530 879 3610 impugttand'rpersonam
896 3533 1041 3611 susceperit.

110 3630 172 3669 rum
188 3609 250 3681 quia
266 3628 360 3687 negate
377 3626 459 3663 nemo
480 3607 580 3682 potest.
601 3613 667 3683 quin
688 3604 792 3664 tantum
810 3608 1015 3669 Atheniensibus
1027 3618 1055 3668 So

112 3708 157 3746 aut
171 3691 249 3743 etiam
260 3681 362 3740 sortasse
380 3684 468 3762 magis
484 3681 770 3758 quam'shemistoeles
784 3684 928 3759 prosuerie:
948 3707 1002 3744 uon
1016 3687 1055 3744 liic

112 3769 166 3825 etue
176 3759 880 3838 smmmm01,ipuutCiertanistetuapetptttdeuda
891 3761 964 3824 fitur«
982 3767 1053 3825 Natu
