2490 4500
109 218 194 360 mzoso
213 297 329 358 tollenda
348 299 397 358 est.
437 302 504 358 Non
515 299 553 359 est
575 302 671 380 igitur,
690 300 830 379 predones
843 299 945 367 talete,
963 301 1014 378 peili

110 380 147 433 At
162 376 257 452 probe,
278 383 304 433 δι
317 378 407 435 sande
426 372 509 434 secisse
529 379 669 443 videntur,
689 381 737 456 qui
757 398 899 456 nunquam
916 379 1014 452 jurandi

110 470 287 523 monuerunt.
306 455 377 529 Qiis
396 464 493 530 negat!
514 452 645 528 siquidem
660 455 687 512 id
700 451 758 511 fieti
773 453 869 530 potest.
888 458 960 513 Nam
972 457 1014 530 qui

111 528 197 603 jurare
214 526 312 593 solent,
340 533 358 587 ii
377 527 453 586 sactle
479 534 624 604 periurium
648 534 834 588 committunt.
874 534 940 589 Non
959 550 1014 608 ergo

112 605 188 665 debet
205 604 364 681 quisquam,
385 605 552 683 iiifi·ntagna
568 608 656 683 aliqua
669 608 777 664 coactus
796 604 951 664 nteeffitate.
981 614 1014 662 At·

76 706 82 725 ν
113 680 466 760 modoDivusAugullinus
482 701 640 758 praeceptum
656 682 719 740 illud
732 683 917 758 evangelicum
933 686 1013 757 interp

112 761 203 817 Nolite
218 757 313 831 jeron
324 762 435 815 omnino.
453 759 527 831 cujus
539 759 617 815 verba
632 759 692 816 licet
706 758 862 816 adscribere.
902 762 942 814 lta
958 778 1014 835 crgo

112 830 176 911 pisse
187 834 331 890 dominum
348 834 520 911 intelligitur,
541 855 572 889 ne
587 835 732 908 juraretur,
753 853 788 890 nc
801 832 935 910 quispiam
952 832 1010 890 sciit

113 929 220 986 appetat
232 909 432 983 iusiurandum,
454 907 639 967 &assiduitate
655 910 759 981 jurandi
781 911 814 965 ad
835 912 980 985 perjurium
994 911 1014 965 di

113 1006 160 1063 per
176 985 405 1043 consuetudinem.
444 988 616 1062 Qiaprnpter
628 989 675 1064 qni
686 985 810 1063 intelligit
823 989 919 1042 nonin
932 986 1014 1048 bonis,

114 1057 259 1119 necessariis
276 1063 436 1134 jurationem
453 1059 624 1127 habendam,
646 1059 765 1119 rtstaenet
783 1061 809 1117 se
828 1079 960 1138 quantum
980 1081 1013 1137 po

112 1146 171 1197 nott
184 1159 212 1194 ea
232 1156 336 1201 utatur,
357 1135 405 1194 nis
420 1133 550 1193 necessitas
560 1157 650 1216 cogat.
680 1137 835 1213 Ridiculum
852 1157 915 1192 vero
928 1139 1014 1212 quod!

113 1217 155 1273 vel
171 1233 339 1291 pereanem,
360 1214 400 1269 iel
415 1232 459 1287 pet
474 1210 607 1277 anserem,
627 1218 703 1271 Zeno
721 1232 766 1290 pet
783 1215 922 1287 capparim
941 1217 1014 1286 jurati

113 1296 180 1350 enim
194 1290 373 1365 jusjurandum
390 1289 530 1367 affirrttati'o
542 1288 659 1365 religiosa
679 1290 719 1360 (ut
733 1291 884 1357 aitCieetol
908 1308 987 1365 atque
1002 1292 1014 1344 i

113 1389 163 1424 vus
183 1370 367 1440 Hieronymus
387 1367 490 1437 inquit,
520 1368 575 1440 Qi
595 1367 689 1440 jurat,
715 1378 762 1420 ant
778 1381 951 1429 veneratur,
976 1387 1014 1420 arn

113 1465 184 1506 eum,
202 1457 248 1516 pet·
267 1461 338 1515 quem
350 1440 446 1516 juret,
467 1447 492 1496 &
510 1444 604 1498 Paulus
618 1440 649 1496 ad
666 1441 791 1498 Hebraeis
806 1444 859 1504 ait,
881 1444 1000 1497 Homines

108 1519 190 1592 jerem
205 1516 237 1592 se
250 1516 462 1589 juteren'ebere,
479 1531 508 1570 rit
525 1521 604 1573 omnis
615 1517 788 1586 contr-everſsae
806 1519 872 1590 finis
882 1517 922 1590 fit
936 1518 1014 1590 jusjui

114 1598 211 1667 Neque
231 1595 258 1647 in
274 1595 408 1663 scripturis
425 1593 501 1647 sactis
515 1611 560 1664 per
574 1597 664 1648 Deum
681 1595 764 1659 iurare
777 1592 965 1667 prohibemur,
986 1591 1014 1648 set

114 1688 172 1746 qna:
188 1668 247 1725 sunt
267 1670 352 1723 aDeo
362 1664 479 1722 condita.
506 1670 570 1725 Vult
582 1671 656 1724 enitn
672 1668 771 1724 linnea
788 1669 866 1724 nobis
889 1668 1014 1724 lioiioterr

113 1765 144 1804 nt
162 1766 206 1822 per
223 1743 309 1819 ipsunt
326 1741 409 1800 soluni
424 1745 558 1813 juremus,
579 1743 651 1821 quasi
665 1763 726 1799 euin
740 1740 908 1801 conscientiae
926 1743 1014 1801 nostra

113 1822 291 1881 adducamur:
312 1838 341 1875 ur
356 1819 443 1875 videat
455 1820 519 1893 quid
539 1840 613 1875 nient
624 1820 757 1894 concipiat
770 1817 827 1876 sieri
847 1839 981 1895 oportere.
1012 1863 1014 1871 ,

112 1900 201 1956 coasli
214 1899 359 1969 iuravimus
372 1916 426 1951 uon
441 1899 573 1953 exanimi
587 1895 733 1960 sententia,
751 1913 810 1953 turn
825 1896 889 1953 illud
903 1896 1013 1975 Euripid

114 1970 249 2052 possumus
265 1971 405 2048 usurpate,
723 2037 725 2040 ι

223 2052 317 2106 lirant
335 2051 441 2124 lingua,
463 2062 567 2104 mentem
586 2048 729 2123 injuratum
741 2052 815 2124 ge're.

114 2129 181 2184 Non
196 2127 269 2182 enini
284 2124 310 2180 id
321 2123 405 2180 saeete
416 2142 440 2179 te
452 2125 522 2202 leges
535 2124 643 2196 jubent,
656 2125 728 2195 quod
741 2145 786 2202 per
800 2127 857 2181 vitn
871 2127 980 2182 coastat
993 2125 1014 2198 ju

111 2202 187 2277 ,quod
207 2204 288 2256 triani
303 2199 455 2255 Aristoteles
476 2203 566 2275 prinio
579 2199 784 2266 Rhetoricorunt
805 2202 874 2257 libro
894 2203 1007 2258 declarat

114 2279 203 2334 locuni
218 2275 238 2344 fi
251 2294 295 2331 aut
305 2269 422 2353 legisses,
444 2294 488 2330 ant
499 2271 699 2342 considerasses,
720 2279 749 2333 in
764 2277 832 2333 lianc
843 2298 911 2334 cette
925 2281 1014 2335 Cicero

111 2355 231 2421 ,tentiam
250 2371 305 2406 iton
321 2349 380 2406 esses
391 2369 539 2426 arguturus.
561 2356 634 2410 Nam
647 2354 718 2408 illant
729 2372 803 2408 inam
816 2353 1014 2428 disputationen

117 2427 250 2488 luntario,
271 2433 297 2483 &
313 2427 455 2488 Violcnto,
474 2446 556 2500 quani
569 2448 601 2483 eii
619 2431 696 2484 terrio
709 2427 866 2485 Ethicoruni
886 2431 920 2485 ad
937 2431 1013 2486 verbu

116 2500 288 2578 descripsisti,
310 2504 527 2578 praetermittant:
549 2521 652 2559 tantum
666 2505 752 2561 dicam
765 2543 772 2567 ,
783 2525 807 2560 te
821 2524 865 2579 per
881 2508 1014 2584 negligent

115 2582 224 2654 opinor)
247 2599 301 2634 non
317 2576 467 2642 advertisse,
490 2599 548 2648 quae
560 2583 584 2634 ii
599 2581 687 2655 aliqua
703 2581 788 2637 enneli
809 2581 923 2638 facimus
941 2585 974 2638 ab
992 2586 1012 2635 Α

116 2656 270 2732 sinpliciter
283 2654 396 2718 dventu,
416 2653 467 2710 ltoc
481 2653 535 2716 est,
557 2656 662 2711 volenti
680 2656 719 2712 vel
739 2658 922 2714 involuntaria
943 2658 1012 2719 dici,

54 2732 56 2734 ’
112 2732 277 2808 jurandum,
298 2731 329 2786 ad
343 2729 414 2804 quod
428 2733 536 2804 pervim
550 2731 590 2786 vel
604 2731 760 2808 piaednnum
772 2735 1014 2809 ,velTytannotnr

116 2828 195 2872 mut,
218 2807 286 2862 tecle
297 2807 441 2862 violentum
458 2805 509 2862 dici
523 2805 608 2882 possit.
631 2811 702 2864 Nam
716 2809 840 2881 quamtis
856 2811 883 2863 in
896 2806 1014 2883 potestati

113 2884 194 2942 situm
210 2880 256 2947 stt,
278 2901 306 2938 ut
318 2881 344 2938 id
358 2886 398 2939 vel
410 2880 599 2957 suscipiamus,
618 2885 656 2939 iel
669 2883 838 2958 repellarnns:
860 2883 1014 2960 sinpliciter

116 2960 144 3016 id
159 2979 212 3015 nnn
226 2959 318 3034 sponte
328 2958 459 3022 sammua,
479 2958 520 3014 sed
538 2961 561 3012 vi
578 2959 740 3016 extrinsecus
754 2959 929 3024 adveniente,
950 2980 1010 3036 qnae

116 3035 226 3112 periculi
237 3037 335 3090 timore
347 3055 396 3090 nos
410 3036 493 3102 intare
508 3034 592 3112 cogit:
613 3054 641 3089 ut
654 3038 761 3092 interint
775 3033 883 3102 filcani‘,
897 3038 958 3093 reid
971 3037 1014 3091 ini

114 3115 218 3168 tionem
231 3131 337 3172 vocare,
358 3111 430 3184 quod
448 3108 578 3184 nusquam
588 3113 684 3179 Cicero
699 3110 778 3166 dixit.
799 3113 849 3168 Vbi
863 3114 937 3167 enini
952 3113 1014 3184 loqu

116 3209 176 3244 ceto
191 3187 223 3243 de
235 3186 402 3256 jurejurando
419 3187 552 3241 violento?
569 3188 668 3243 autulii
685 3188 749 3243 dicit
763 3187 879 3261 aliquem
891 3191 1014 3257 invitum

116 3282 154 3319 tet
165 3265 328 3319 voluntatem
343 3265 444 3328 intare?
469 3264 501 3316 Vt
520 3261 623 3336 liquido
636 3261 754 3327 constet,
774 3282 798 3318 te
815 3263 867 3319 lioc
878 3260 998 3327 finxisse,

114 3340 191 3395 cilius
203 3336 340 3393 ostendere
354 3335 450 3413 polles,
472 3357 496 3392 te
508 3339 576 3412 apud
588 3335 772 3402 Aristotelem,
791 3340 864 3413 cujus
877 3359 968 3395 tainen
984 3338 1014 3395 su

117 3433 239 3476 nomen,
255 3434 312 3489 qua:
332 3413 362 3469 sit
376 3415 444 3469 inter
458 3415 645 3470 Voluntariunt
659 3435 688 3470 ac
700 3415 855 3475 Violentuni
872 3411 1014 3472 differentis

114 3487 185 3545 cisse.
204 3492 293 3543 .Cuin
308 3491 381 3545 enini
402 3491 538 3561 juramus,
558 3492 590 3546 ab
603 3490 692 3565 aliqua
706 3492 802 3561 majori
815 3489 943 3564 potestate
956 3500 1014 3547 coac

115 3564 145 3619 id
159 3563 267 3639 quidem
284 3584 375 3638 praeter
388 3566 551 3622 voluntatettt
571 3565 699 3622 saeimus:
718 3560 851 3641 possumus
863 3570 937 3624 enini
955 3587 1009 3623 non

116 3638 136 3697 fi
153 3643 292 3705 volumus,
313 3645 435 3717 &potius
450 3659 564 3698 mottcrn
580 3661 720 3718 oppetere:
741 3642 783 3698 sed
796 3647 912 3700 volentes
922 3645 1014 3718 jurani

117 3732 208 3776 rameii
221 3735 255 3773 eit
267 3718 353 3775 anitati
370 3716 510 3777 sententia.
549 3723 624 3801 Natu
640 3714 660 3777 ii
674 3717 746 3778 nulla
758 3719 797 3781 iis
816 3716 931 3788 adcll'et,
957 3739 1012 3777 non
