2490 4500
1150 40 1156 135 i

1151 156 1155 215 i

112 240 184 317 108
356 240 892 318 ArurMnuvrrr
1157 243 1169 261 '

109 361 275 417 admirabilius
289 363 348 414 dicit
367 360 430 420 else,
444 361 569 429 prasertim
584 364 610 412 in
647 360 700 417 ser,
734 367 760 414 δι
781 363 875 419 Tertii,
909 376 965 413 eum
983 361 1086 428 impres:
1101 364 1128 416 ia.
1149 358 1169 427 li

109 424 273 479 adolescente:
296 429 352 492 quia
366 428 444 490 pudor
457 440 549 475 atatem
572 441 612 475 or·
646 427 721 474 ciunt.
1150 434 1165 478 32

110 502 168 543 nat,
186 490 290 536 orationi
305 503 385 538 autem
400 505 452 539 non
466 489 543 538 modo
558 504 611 539 uon
680 493 721 534 r’n
727 490 802 534 Sardis
808 500 882 533 contra
892 490 1021 537 ,Albucium
1030 493 1127 541 luliurle·
1149 482 1169 555 'r

35 565 40 579 ¹
110 549 200 606 obest,
225 566 306 598 verum
329 556 402 601 etiam
426 551 518 616 prodest
540 551 612 614 pluri·
643 547 694 611 sar)
709 555 774 599 Pater
790 563 844 598 ante
866 552 959 599 multos
970 567 1048 600 annos
1059 569 1127 604 emer·
1150 577 1169 615 με

111 628 191 661 muru.
206 613 273 677 quod
288 617 399 677 exemplo
414 620 443 662 L.
453 612 611 663 currilium.
647 611 724 667 davit,
740 617 766 664 ὃ(
783 613 818 659 im
845 610 909 667 ellit,
925 618 1127 663 conrrmibuciuu:
1162 618 1168 669 “;

110 674 143 729 de
154 681 220 723 Orat.
230 673 374 739 perspicuum
384 677 424 726 est.
647 690 702 722 eum
712 679 737 722 in
746 677 816 725 omni
834 690 873 730 us,
888 676 1096 735 &recentiorum
1108 683 1128 730 lt
1158 704 1169 732 2:

148 742 247 784 l'lurima
258 736 474 803 cauffirrumgentrae]
491 741 566 790 llum,
577 735 612 788 se·
647 739 751 802 antiquis
767 736 845 788 libris,
858 740 1019 803 prodibam,
1034 737 1126 803 scriptum

115 813 182 864 ptem
193 801 257 855 mei,
274 803 391 850 &Tertii
648 798 683 846 sit.
709 800 970 861 eonjeuurarnautem
987 804 1037 859 eius
1050 803 1129 851 hiron
1156 829 1165 857 ;

149 861 290 927 vestierant]
307 867 447 927 Defiderenr,
462 861 499 913 sex
512 865 612 915 rnen&
646 864 767 924 primum,
788 861 873 911 deinde
895 863 955 929 ratio
971 878 1000 925 pe
1029 866 1065 912 rit.
1081 880 1126 914 mro
1155 893 1169 922 ,ς

115 927 200 975 Tertii.
647 924 759 972 Sardosa
776 926 836 973 Iulia
851 924 1001 973 Caelarestra
1035 943 1077 984 ne,
1090 943 1125 983 eo,
1156 954 1169 983 e.

150 991 255 1050 diffleure·
264 986 323 1053 fini]
337 990 373 1037 Sic
381 1003 482 1043 omnes,
497 1004 547 1037 uno
559 1002 612 1036 ran·
647 988 690 1051 qui
706 985 807 1041 facetiis,
824 991 848 1035 δι
864 987 960 1036 dicendi
975 988 1055 1053 lepore
1066 991 1128 1038 excel·
1158 1019 1169 1048 3,

113 1063 167 1103 rum
175 1064 285 1113 excepto,
301 1053 402 1116 inquo,
417 1053 528 1111 senserim.
544 1052 612 1116 quod
647 1050 691 1097 luit
704 1082 712 1103 ,
727 1046 771 1099 elle
787 1045 912 1101 defensos,
927 1050 998 1101 docet
1018 1053 1127 1101 Suetonius
1158 1082 1166 1109 ;

115 1112 258 1177 pronprobo.
646 1113 672 1159 in
688 1109 776 1163 Cesure
789 1111 909 1159 diciatote.
944 1117 1033 1168 Genus,
1048 1116 1126 1180 inquit,

149 1180 254 1223 Maxima
263 1177 292 1236 est
300 1172 439 1240 admiratio]
456 1180 516 1225 Non
534 1173 611 1224 modo
647 1177 771 1238 eloquentia
800 1178 919 1221 dumtaxat
939 1178 1054 1235 adolescens
1070 1181 1127 1224 aihu
1159 1208 1166 1236 ;1

117 1237 177 1289 laus,
648 1239 759 1283 Strabonis
768 1242 784 1279 Γ
782 1238 847 1296 astris
860 1238 946 1295 secutus
963 1242 1127 1301 viderumuju
1163 1271 1165 1277 ·

149 1303 291 1346 laudabilior
300 1298 448 1364 eldefenfio]
464 1301 524 1350 Vide
535 1303 612 1366 Quin·
647 1304 715 1345 eriam
725 1316 752 1344 ex
759 1314 867 1354 oratione,
883 1316 927 1363 qua
944 1302 1083 1358 instruitur,
1097 1308 1127 1348 Pu
1159 1330 1170 1362 L·

114 1363 153 1411 til.
163 1361 206 1419 lib,
216 1379 266 1411 xrr.
274 1379 321 1426 cap.
330 1379 351 1422 7.
647 1364 721 1408 Sardis
729 1394 736 1412 ,
751 1364 781 1406 ad
789 1365 877 1409 verbum
886 1367 988 1410 nonnula
996 1367 1129 1425 translatitie
1161 1414 1164 1420 ,

150 1423 268 1485 incusso)
284 1425 448 1490 Qiiaceusavit
456 1427 485 1476 de
494 1427 610 1489 majestate
645 1427 815 1471 Divinationem
825 1427 898 1483 ficam-
914 1425 1128 1490 Cumigitursrngu
1161 1461 1166 1467 „

116 1492 149 1537 C.
158 1486 295 1535 Carbonem
305 1489 360 1550 reip.
369 1485 450 1536 causl'a.
643 1488 723 1537 lorum
739 1484 839 1550 ungulos
860 1485 1004 1553 persequitur
1017 1487 1129 1538 acorsatio·
1163 1522 1167 1549 3

149 1551 324 1608 adiit-deutri.
340 1550 464 1611 Antonius)
480 1550 608 1600 Robussior
644 1565 712 1605 nes,
746 1551 901 1598 Lucullorum
915 1564 1000 1599 contra
1019 1552 1129 1600 Servilium
1164 1585 1169 1606 :-

111 1624 196 1671 tamen
205 1614 273 1658 annis
293 1613 403 1673 aliquot,
419 1628 491 1677 quarn
507 1613 608 1663 Crassus.
645 1615 701 1676 reip.
712 1610 808 1667 caussa,
832 1610 897 1659 suam
911 1628 955 1675 pro
970 1615 1068 1670 Similis,
1083 1614 1130 1663 Iulii
1166 1672 1169 1677 .

112 1673 310 1723 accusavitaurem
327 1680 374 1722 Cn.
387 1677 504 1738 Papirium
514 1677 608 1726 carbo-
645 1674 787 1737 prosaicus,
810 1672 925 1737 Fufiipro
945 1690 986 1732 ea,
1020 1691 1090 1740 quam
1102 1681 1130 1724 A·

112 1753 184 1793 uem,
200 1738 303 1804 quicum
312 1738 412 1786 Metello
422 1741 535 1802 Caprario
550 1756 609 1787 con·
643 1736 1076 1802 quilliusadministravit,provincia:
1090 1753 1130 1794 cur,
1167 1774 1169 1779 ·

112 1797 214 1857 sulatum
227 1798 334 1863 gesserat,
349 1814 439 1862 patrem
456 1803 505 1859 ejus
515 1802 608 1851 Carbo·
642 1803 722 1848 ceteris
737 1801 832 1848 unicam
840 1798 946 1848 tribuens
956 1799 1130 1857 accusationem,

114 1864 169 1916 uit,
184 1862 226 1927 qui
237 1861 425 1919 terconsulfuit,
441 1866 607 1928 &al‘ompejo
642 1862 698 1911 duas
707 1860 775 1916 Fufio
793 1861 894 1911 tribuat!
910 1877 987 1919 nam,
1002 1861 1021 1911 si
1034 1863 1129 1927 legatur,

112 1924 255 1987 Lilybriest
271 1925 437 1988 interemptus:
453 1940 478 1975 ut
493 1928 519 1974 in
533 1928 607 1988 ep.ad
641 1929 685 1972 Pro
703 1923 794 1979 Saulis»
818 1928 861 1972 P10
883 1922 1003 1979 Albuci&
1025 1925 1132 1991 <111th

111 1990 209 2034 Pactum.
232 1989 320 2034 HicM.
331 1990 464 2041 Antonius,
479 1995 515 2038 M.
523 1991 608 2054 Aquil-
641 1985 790 2053 defensiones
812 1983 875 2034 sunt:
890 1987 949 2034 duas
966 1986 1040 2037 simul
1052 1984 1132 2036 aecusa-

109 2049 172 2106 lium
183 2047 324 2105 defendens,
342 2052 465 2100 diloricato
477 2053 606 2108 turonica,
641 2050 719 2097 tiones
730 2049 790 2099 essc,
805 2050 858 2112 quis
872 2050 1011 2103 nonvideti
1029 2051 1131 2099 Omnino

108 2113 225 2171 cicatrices
234 2111 347 2169 iudicibus
357 2114 467 2163 ostendit.
642 2111 849 2176 quemadmodum
867 2117 898 2160 C.
910 2114 988 2160 Verris
1006 2127 1096 2162 nomeu
1108 2128 1133 2161 ο-

144 2180 168 2222 P.
188 2172 293 2240 Sulpicii)
308 2179 358 2240 Qui
380 2178 487 2241 loquitur
502 2177 527 2224 in
542 2175 607 2224 libris
643 2173 707 2221 misit
722 2175 820 2224 Cicero,
836 2189 908 2285 quem
918 2187 961 2234 pro
977 2176 1061 2224 Siculis
1073 2190 1134 2223 acur-

109 2235 141 2285 dc
157 2243 222 2287 Orat.
238 2236 352 2286 Defendit
368 2254 446 2287 autem
463 2243 492 2285 C.
511 2237 605 2286 Norba·
642 2235 831 2291 saveransicir'rae
856 2235 938 2286 efensae
947 2239 1132 2287 mentionecou·

110 2314 171 2357 nunt
194 2300 258 2347 idem
279 2301 419 2356 Antonius,
444 2299 607 2348 &seditiones
641 2311 740 2346 tentus:
764 2297 794 2346 sic
812 2300 922 2348 omittere
935 2299 1132 2362 poeniturum,

111 2362 253 2414 exornavit,
288 2361 367 2409 dicens
382 2363 468 2409 multos
488 2363 606 2410 interdum
645 2361 754 2410 Sardinia
777 2363 824 2419 iarn
839 2363 966 2411 mentione
981 2361 1051 2411 fasta.
1082 2359 1133 2413 sedi

112 2420 239 2482 seditiones
254 2437 266 2469 e
284 2437 330 2484 rep.
349 2420 430 2472 fnisse:
446 2436 487 2474 ut,
503 2439 557 2471 eum
572 2439 607 2471 re·
640 2423 738 2488 quando
754 2439 840 2471 veteres
855 2439 944 2472 omnes
963 2423 1030 2481 libri,
1052 2440 1086 2492 pn
1099 2426 1131 2475 M.

110 2499 151 2549 ges
174 2484 264 2539 oraui,
289 2500 344 2533 cum
365 2484 490 2537 tribunicia
509 2486 608 2548 potestat
642 2489 757 2541 Allucio,
773 2484 874 2534 habent:
891 2485 1053 2536 modestiusse
1066 2485 1133 2535 lacere

112 2546 247 2607 constituta.
641 2552 705 2595 Pater·
721 2548 752 2596 est
768 2547 903 2604 arbitratus,
918 2547 952 2605 si,
972 2563 1049 2598 contra
1062 2550 1133 2597 olliu-

146 2611 197 2670 Niſs
205 2624 245 2655 aur
254 2612 305 2673 reip,
321 2611 406 2669 cauffic,
422 2623 447 2657 ur
461 2612 501 2656 duo
511 2609 605 2673 Luculli)
641 2614 712 2661 cium,
728 2622 863 2671 reponeret,
882 2627 957 2675 quam
980 2611 1092 2661 sitorum
1108 2610 1134 2659 il

113 2672 150 2719 Sic
160 2671 306 2719 omneslibri
322 2686 416 2720 veteres.
433 2675 457 2720 lic
471 2673 538 2720 relic.
564 2679 605 2721 In·
642 2672 695 2727 lud,
709 2688 746 2738 pn
756 2678 792 2720 M.
804 2675 918 2729 Allucio,
931 2675 1037 2723 tolleret.
1051 2670 1133 2722 fortas

111 2735 198 2798 telligit
207 2747 286 2781 autem
296 2736 412 2788 Lucium,
428 2736 470 2798 qui
480 2736 607 2783 Mithrida·
641 2732 768 2789 securem,
791 2749 864 2783 contra
889 2738 1033 2792 Albucium,
1048 2735 1132 2784 addidit

111 2808 179 2854 tem,
195 2799 369 2861 Tigranemque
382 2796 481 2852 devicit,
503 2801 527 2846 δι
541 2803 606 2846 Mar·
642 2798 735 2845 Cicero.
770 2812 826 2844 nam
842 2795 957 2847 accusatio
972 2800 1134 2853 Lucullorum,

110 2873 166 2909 cum
176 2877 181 2904 ι
197 2860 238 2923 qui
259 2873 405 2922 quamquam
429 2861 553 2912 Servilium
567 2877 608 2909 au,
641 2857 742 2922 &ipsus
752 2860 875 2908 Ciceronis
881 2861 998 2910 recentior
1007 2873 1055 2909 erat
1065 2895 1072 2913 ‚
1081 2858 1136 2923 ipsa-³

109 2936 192 2993 putem
206 2955 211 2971 ‚
227 2922 294 2969 Lucii
306 2923 375 2983 patris
384 2920 552 2974 accusatorem,
568 2925 607 2970 in·
639 2936 686 2984 que
703 2919 755 2969 satis
772 2934 831 2968 nota
846 2937 881 2969 res
889 2922 1033 2971 hominibus
1047 2925 1095 2980 ejus
1108 2906 1135 2970 al

108 2986 173 3045 ruric
187 2982 311 3033 referendo·
326 2985 412 3047 gratia,
436 2983 605 3041 accusaverint,
638 2985 699 3030 tatis.
720 2996 743 3031 at
760 2982 857 3032 Cesaris
869 2982 983 3034 accusatio
1003 2985 1134 3037 remotior.

109 3060 208 3105 tomen,
231 3047 286 3111 quia
303 3046 332 3094 de
350 3048 472 3108 peculatu,
494 3047 560 3109 quod
574 3048 606 3096 est
622 3070 624 3075 ·
639 3045 742 3110 ideoque
753 3048 834 3094 minus
851 3060 916 3094 nota.
931 3046 1031 3111 quodsi
1047 3048 1136 3097 mentio

106 3108 198 3161 furtum
215 3110 316 3170 pecuniae
330 3106 604 3170 publice‚nccusarurrr,
640 3108 704 3157 lieret
727 3108 756 3156 de
777 3107 898 3165 Albucio,
923 3125 990 3165 reo,
1012 3106 1135 3158 tollebatur

109 3172 166 3232 reip.
175 3171 248 3220 causs'a
261 3171 285 3217 id
300 3172 374 3219 facere
391 3170 431 3218 visi
446 3167 505 3218 sunt.
521 3171 566 3221 hoc
580 3175 604 3221 de
640 3169 781 3221 obscurum,
797 3169 954 3233 &patefiebat
968 3168 1134 3221 historia.1deo

107 3234 242 3292 ulutarchus
251 3233 367 3288 ostendit,
384 3236 408 3281 de
428 3235 603 3283 CiceroinLu-
640 3248 691 3281 non
712 3233 787 3295 probo
810 3249 894 3282 eorum
917 3233 1138 3297 opinionem,qui

106 3296 173 3344 cullo
190 3296 225 3343 his
241 3294 327 3343 verbis:
343 3302 373 3343 Vt
388 3296 454 3343 enim
469 3295 602 3344 admodum
640 3296 686 3343 hoc
701 3308 800 3351 totum,
816 3311 889 3343 contra
899 3299 1044 3353 Albucium,
1058 3295 1138 3344 delen-

106 3357 241 3407 adnlcstens
255 3374 308 3406 cum
318 3358 563 3421 fratre‚prripietnte,
579 3363 604 3409 δι
640 3358 699 3405 dum
714 3356 814 3406 censent.
830 3374 908 3423 neque
923 3361 1067 3408 cortellores
1084 3359 1139 3407 istor

104 3420 219 3480 industrii
244 3420 361 3481 pendito,
382 3434 485 3482 paternos
499 3422 603 3469 inimici·
639 3421 726 3475 audio,
741 3423 783 3483 qui
803 3419 847 3469 libi
861 3423 968 3472 nimium
982 3422 1138 3486 quantumin

106 3484 152 3533 rios
165 3497 249 3545 magur
267 3499 320 3530 uun
337 3480 602 3547 glorinestperseentur,
641 3483 772 3541 comestura
789 3485 897 3545 placent,
920 3481 1074 3551 inseruntque
1090 3498 1139 3532 rua·

106 3546 133 3597 in
149 3544 227 3597 Aliam
238 3545 336 3602 qrrnlior
354 3544 471 3607 profisius
486 3579 493 3600 ,
514 3543 546 3592 ibi
566 3561 604 3608 pet
640 3544 848 3600 eulasintcrdum,
862 3560 921 3610 quas
932 3544 1135 3610 eluereseputaut.

107 3610 198 3671 multoc
207 3624 283 3655 annos
292 3607 426 3656 admirabili
439 3606 542 3672 quadam
552 3609 603 3655 lau·
641 3611 709 3655 Hauc
735 3608 783 3666 ejus
804 3607 1019 3665 emendationem,
1045 3610 1134 3658 utalru

108 3671 267 3733 deprovincic
277 3669 374 3731 pro-fuit.
642 3684 693 3716 non
707 3685 807 3730 paucas,
822 3685 836 3717 a
850 3672 905 3719 viris
920 3670 1014 3727 doliis,
1031 3673 1075 3738 qui
1088 3665 1132 3731 post

135 3728 275 3793 surrepiuir')
311 3733 451 3791 lucretium,
468 3732 525 3789 olio
542 3732 601 3790 mele
640 3731 773 3786 editionem
782 3729 1043 3792 sudmmclssssfouem
1052 3726 1132 3794 seulfi·

1069 3802 1129 3849 wa
