2490 4500
194 216 265 291 186

188 315 408 375 simisnumeiat,
429 329 522 367 verum
538 308 648 369 reslatur
662 308 687 367 se
702 311 819 368 inultum
831 311 861 366 iii
874 309 909 366 iis
919 309 996 369 libris
1012 312 1151 372 l’iinaetiiini
1166 316 1193 375 se·

188 409 279 447 eurum
295 387 366 452 elle,
387 388 414 444 id
430 390 504 463 qnorl
519 391 637 445 minime
652 384 768 453 fecisset,
795 384 1026 457 siejuslaiideni,
1054 396 1080 447 or
1113 393 1191 451 loriam

187 461 309 523 voluisset
323 468 496 521 imminuere.
517 468 546 521 in
564 468 633 522 calce
649 482 711 519 iero
725 465 794 521 ttirii
808 463 869 519 libri
881 463 915 519 de
932 467 994 523 l'in.
1009 411 1209 529 iradel'anaeri'e'

187 540 315 617 seriptum
337 542 454 618 reliquit.
495 546 582 617 Qum
598 543 703 597 illorum
716 540 875 613 tristiciam,
903 555 983 614 arque
992 540 1154 613 asperitatem
1161 545 1193 621 [e-

183 623 259 695 giem
272 623 423 681 Paneriiis,
452 639 494 674 nee
506 620 670 674 acerbitatem
674 615 866 692 sententiarum
882 657 890 684 ,
920 637 966 675 itrc
980 618 1116 691 differendi
1122 622 1195 697 spem

187 697 325 773 prelia-eur.
357 695 463 772 fiiitqiie
475 700 502 751 i'ii
514 697 602 751 allero
610 713 702 770 genere
716 697 820 755 mitior,
838 696 867 749 i'ii
883 696 971 751 altero
983 695 1125 769 illustrior,
1136 697 1192 773 seir·

187 787 283 846 perque
295 774 384 828 holuit
397 777 424 827 i'ii
435 792 478 828 ore
491 773 642 833 Platonem,
664 769 845 844 Aristotelem,
866 774 1049 834 Xenocratem,
1069 775 1193 849 Herpha-

181 848 269 925 stum,
291 851 478 911 Ditearcliam,
500 863 529 903 rie
540 847 612 922 isfiiis
622 846 721 922 scripta
732 849 877 902 declarem.
896 849 950 917 jani
963 846 1036 903 vider
1051 848 1190 923 quinijullr

179 925 331 982 'Ciceronis
340 924 486 988 invidiam,
508 943 552 980 aut
563 925 735 998 iniquitatem
747 924 844 979 caeli'iis
856 924 968 980 accuset.
992 922 1190 996 sedeojarnreii-

190 1019 250 1057 runi
259 1000 313 1065 est,
335 1019 362 1057 ut
374 998 877 1075 iieliberumquidemfitsciiproiibui,
899 1019 954 1075 quo
967 1000 1048 1057 libeat
1061 1003 1136 1058 titulo
1149 1003 1190 1060 sue

190 1079 269 1135 ulliur
283 1079 476 1134 malevolentiae
488 1074 632 1150 suspitione
646 1074 706 1131 snos
719 1076 799 1132 libros
814 1076 965 1133 inscribere.
1004 1096 1032 1133 ar
1043 1077 1191 1152 quandosbi

191 1156 291 1212 Caelio<
301 1153 351 1211 line
359 1155 454 1217 sumit,
474 1154 795 1210 utramlibeieCicerouis
807 1151 1137 1227 judiciumrepreliendat,
1155 1151 1190 1213 fin

191 1233 327 1290 miori'nus
340 1232 506 1304 argumentis
518 1229 545 1285 id
561 1227 620 1285 fieri
635 1230 766 1305 oportuit.
791 1247 856 1283 iiam
871 1230 949 1286 Caelii
962 1227 1190 1308 fimilitudineipr·

191 1327 253 1364 rum
268 1308 328 1364 sunr
339 1311 375 1361 iei
389 1306 502 1368 similes,
523 1325 584 1362 cum
596 1302 838 1380 quaeonfernurur.
860 1305 950 1361 multo
963 1309 1038 1361 enirn
1053 1308 1150 1382 plenius
1159 1310 1191 1363 iii·

191 1386 251 1460 quir
265 1427 272 1450 ,
293 1383 433 1457 multoque
445 1384 523 1438 latius
535 1384 673 1438 Ciceronis
686 1380 850 1457 propofirum
864 1384 1054 1456 cumpleclirur
1065 1380 1189 1447 officim,

190 1479 273 1534 quani
286 1456 392 1520 efficia,
415 1459 477 1514 ficut
487 1458 519 1513 de
533 1457 580 1514 siru
593 1475 686 1522 terrae,
713 1477 795 1533 quam
810 1475 940 1513 terrarum
955 1459 1081 1516 libentius
1094 1478 1190 1539 geogra-
1228 1482 1235 1511 :

188 1534 284 1609 pliicos
294 1554 367 1590 nicos
376 1532 565 1610 inscripserim.
587 1532 620 1590 sie
633 1534 665 1590 de
679 1535 850 1611 Imperatoris
864 1530 959 1590 officio
972 1537 1069 1592 cestius
1081 1536 1189 1594 inscribe·

188 1628 253 1673 tur,
280 1630 361 1684 quain
377 1614 587 1684 Imperatorum.
626 1612 654 1666 in
670 1631 725 1683 quo
739 1609 891 1667 uuiversum
907 1610 1089 1683 proscribatur
1103 1650 1112 1676 ,
1136 1610 1189 1688 quil

188 1689 340 1761 imperaror
353 1706 430 1764 agere
446 1687 558 1751 debeat,
588 1694 614 1744 δι
629 1706 682 1762 qua
699 1694 803 1744 tatione
822 1690 1029 1762 imperatoriam
1049 1686 1189 1764 purellaceni

188 1762 367 1820 adniiiiillret.
407 1782 433 1819 ar
445 1768 473 1819 in
487 1784 606 1839 quonam
624 1782 692 1820 teria
706 1800 714 1825 ,
740 1783 799 1838 qua:
811 1761 848 1818 est
860 1783 926 1824 una,
951 1770 978 1820 δι
995 1784 1081 1821 urium
1093 1782 1190 1842 corpori

187 1860 217 1896 ac
231 1860 315 1896 unum
330 1842 508 1903 elementum,
531 1841 624 1896 similis
636 1839 674 1896 ell
685 1837 790 1904 officio,
816 1840 888 1914 quod
902 1836 941 1895 est
952 1858 1008 1896 tam
1025 1842 1147 1905 varium,
1168 1846 1190 1899 e

185 1935 242 1973 tam
257 1917 413 1992 niiilriplex?
435 1921 463 1973 iii
478 1937 596 1993 quonam
612 1922 777 1992 Imperator,
798 1918 844 1990 qui
860 1935 930 1972 nnus
942 1914 982 1971 est
995 1933 1101 1974 tantum
1114 1917 1190 1996 ‹ligul-

185 1995 247 2048 rarir
267 1993 365 2071 gradui
383 1995 416 2050 ad
436 2014 531 2050 omues
544 1998 680 2069 pertinens
695 1995 870 2067 lmpeiaroies
886 2002 894 2047 ἓ
925 1991 986 2050 saris
998 1992 1075 2069 spero
1087 1993 1189 2071 superine

184 2070 270 2126 multa
285 2064 332 2125 elle
345 2091 442 2143 genera
455 2069 610 2127 officiorum
626 2070 786 2125 declararum
802 2106 810 2131 ,
838 2088 896 2143 qnae
909 2070 955 2125 uni
971 2072 1115 2126 convenire
1130 2070 1189 2127 nulli

183 2150 289 2205 rarione
305 2146 419 2221 possunt.
458 2166 484 2203 ai
500 2149 603 2203 iiiilluiii
619 2144 657 2202 est
669 2143 791 2201 osfieiuni
805 2147 993 2219 Imperatoris,
1014 2146 1089 2221 quod
1106 2166 1155 2203 nori
1167 2143 1190 2202 fit
1211 2194 1216 2209 ,

184 2226 312 2276 omnium
327 2227 542 2294 Imperatorum,
564 2241 702 2284 necteria,
725 2219 903 2284 euniunasir,
925 2221 1099 2294 pluressitur,
1120 2238 1190 2300 quan

184 2315 271 2353 unum
290 2297 373 2371 potest
394 2296 500 2354 habere.
539 2317 620 2374 quare
631 2298 663 2352 ile
676 2298 723 2354 situ
737 2318 809 2356 ieriae
824 2324 841 2360 ,·
860 2304 886 2353 ὅ(
904 2317 959 2352 non
975 2297 1008 2354 de
1021 2296 1112 2355 sitibus
1123 2316 1192 2359 terra·

184 2391 264 2433 runi,
285 2376 403 2448 itemque
417 2375 449 2430 de
463 2371 555 2430 officio
568 2376 739 2449 lnipeiarorii
754 2413 761 2436 ,
789 2382 814 2429 &
830 2393 885 2429 non
898 2373 930 2429 de
942 2371 1042 2430 officiis
1056 2379 1191 2451 lnpeiaio

184 2466 246 2504 rum
266 2446 320 2521 ipse
340 2468 447 2524 quoque
468 2471 543 2505 meos
556 2451 637 2506 liliros
650 2449 858 2525 inscripseiim..
877 2469 971 2506 eontra
985 2470 1050 2505 vero
1063 2454 1096 2507 de
1108 2448 1191 2509 offitiis

183 2524 348 2588 hominurn,
369 2533 393 2581 δι
409 2546 464 2581 nou
477 2527 509 2583 tle
522 2525 642 2581 hominis
654 2525 757 2582 officio.
780 2528 820 2583 sed
836 2526 912 2582 video
926 2525 1088 2596 jamdudum
1107 2532 1134 2584 in
1147 2534 1192 2604 qne

186 2599 301 2657 versetur
310 2602 518 2664 Caeliuieiinre,
541 2604 572 2658 ad
584 2604 609 2658 id
619 2604 693 2658 ciiiin
704 2607 821 2678 respicit,
844 2603 916 2675 quod
928 2623 1025 2658 omnes
1040 2603 1099 2661 sunt
1112 2603 1192 2661 homi·

183 2696 247 2740 nes,
266 2697 381 2752 quornm
399 2676 489 2734 officia
504 2677 670 2743 striliniiriii,
690 2700 718 2736 ur
731 2700 827 2736 omnes
845 2683 1032 2753 lniperatores.
1055 2680 1107 2736 lioc
1119 2679 1155 2736 ell
1167 2681 1191 2737 ll·

183 2753 248 2815 lud,
270 2774 405 2827 iuquam,
433 2757 746 2832 qiioc2ili'usdecipiini.
786 2761 860 2813 Nam
875 2757 970 2810 Cicero
984 2754 1019 2811 ad
1034 2757 1191 2813 conditiones

180 2829 328 2886 hominnm
343 2838 367 2886 ὁ(
384 2832 499 2907 gradus,
523 2840 548 2888 &r
561 2833 656 2897 status,
679 2841 704 2889 δε
718 2831 837 2888 fortunas
850 2831 954 2906 respicit
969 2867 978 2893 ,
1000 2850 1120 2905 quornm
1139 2850 1192 2908 pio·

182 2909 241 2982 pria
251 2908 375 2982 cujusque
390 2909 448 2964 l'uiit
461 2906 553 2964 officia
565 2908 704 2985 separatim
722 2908 923 2986 praescribenda.
952 2911 1017 2963 lain
1027 2928 1092 2965 vero
1102 2930 1147 2985 cur
1159 2908 1191 2963 ii-

179 3000 218 3047 tas
231 2987 426 3058 Imperatorum
444 3025 451 3050 ,
476 2991 502 3041 ὅ(
522 2988 733 3042 commentarios
744 2986 775 3040 ile
792 2985 1000 3059 imperatoribus
1018 3000 1188 3060 nuncuparet,

134 3093 139 3099 ·
180 3064 245 3135 qnia
260 3081 314 3115 noii
330 3062 475 3126 omnium,
496 3059 538 3117 sed
552 3062 704 3137 aliquorum
719 3062 791 3139 gesta
802 3058 1025 3136 comprehendit?
1046 3080 1074 3119 at
1086 3081 1135 3138 ego
1150 3078 1190 3135 po·

144 3128 151 3142 '
180 3140 233 3193 rius
244 3139 307 3213 quia
319 3140 495 3211 Imperatores
508 3135 605 3193 haberit
617 3156 700 3193 artem
715 3138 842 3211 quidem,
864 3147 888 3193 &
898 3135 1067 3209 disciplinam
1077 3154 1190 3194 eommu-

178 3230 260 3278 nem,
283 3217 403 3291 proprias
418 3232 507 3269 autem
523 3215 672 3294 fregellas.
712 3232 739 3270 nr
756 3232 873 3269 oratores
888 3250 895 3276 ,
922 3211 1021 3272 lialienr
1036 3213 1076 3270 illi
1090 3213 1189 3290 qiiiltni

179 3291 342 3346 artiseadern
354 3308 499 3366 precepta,
519 3288 560 3344 secl
574 3310 605 3345 eii
621 3290 671 3347 illis
683 3293 823 3366 proprium
841 3288 888 3346 sibi
903 3285 1015 3365 quilque
1029 3309 1099 3364 opus
1112 3284 1189 3347 conll·

178 3366 226 3420 eit.
264 3367 301 3421 ita
313 3367 421 3440 propria
433 3364 556 3441 cujusque
570 3365 608 3422 est
627 3371 800 3443 Imperatoris
814 3368 868 3421 vira
881 3403 889 3428 ,
917 3368 1031 3439 propria:
1048 3386 1090 3424 res
1103 3363 1188 3444 geste,

176 3459 243 3513 quas
256 3458 345 3496 tamen
362 3441 504 3499 communi
518 3446 717 3519 Imperatorum
732 3443 872 3518 disciplina
884 3438 1017 3516 gellerint.
1047 3462 1111 3499 nam
1124 3434 1186 3517 quod

176 3535 264 3579 autern
276 3518 383 3573 titulum
393 3517 426 3574 de
436 3523 495 3576 Fiii.
506 3519 658 3583 bonorum,
679 3528 704 3576 ἃ·
725 3521 857 3574 nialoruni
875 3517 1028 3590 improbar,
1050 3540 1112 3576 curn
1125 3516 1186 3574 iden

175 3590 206 3654 fit
222 3611 295 3646 error
310 3594 380 3663 ejus,
403 3594 493 3651 nollra
505 3615 612 3672 qnoque
625 3594 742 3653 defensio
757 3596 848 3651 eadem
864 3591 914 3654 ell'e
930 3592 1018 3650 debet.
1058 3615 1121 3652 iiam
1134 3606 1186 3649 cum

174 3669 261 3745 plures
278 3666 326 3722 snt
341 3667 568 3745 Philosophorum
582 3670 697 3732 scliolae,
728 3691 774 3727 nec
793 3670 906 3727 eundem
928 3664 1013 3725 finem
1032 3668 1080 3728 sibi
1098 3685 1185 3747 propo·

174 3763 240 3815 nant
254 3782 262 3812 ,
287 3762 405 3828 cumque
417 3746 449 3805 <le
461 3750 591 3812 omuibus
602 3750 700 3812 Cicero
713 3746 855 3831 scripturus
867 3742 947 3812 esset,
975 3764 1005 3805 ut
1016 3744 1135 3812 constit,
1153 3757 1187 3876 gi
