2490 4500
164 217 243 315 '452'
354 214 564 289 Favonii
596 214 813 290 Evnoerr
849 237 901 289 υτ
936 216 1041 293 Cre.
1067 210 1136 294 &cl

154 360 157 365 -
168 332 196 384 ln
207 332 290 382 endem
302 330 413 382 sent'cirtia
430 329 497 380 strille
510 329 565 405 sege
582 332 701 396 legimus,
717 333 813 383 initium
823 335 944 385 annorum
957 336 1048 387 Christi
1065 339 1136 386 initio
1144 333 1201 394 Caeli

170 395 285 446 Pal'clralis
296 395 374 444 tribui.
410 394 645 507 ogerevetrfimilius
660 398 722 445 mrlri
739 397 847 453 videtur,
862 399 888 445 irr
907 398 971 447 libro
988 402 1117 463 acephalo,
1131 404 1203 463 inqua

171 457 260 531 septem
268 458 432 522 ptirnacapita‘
455 456 595 506 eliderentur
606 492 611 508 ‚
627 461 736 521 paginam
750 475 824 508 urtam
833 473 872 507 aut
884 464 987 509 alteram
996 459 1087 518 deelle,
1105 465 1130 510 in
1138 464 1205 527 qut&

173 534 247 570 etrum
263 522 398 582 cyclorum,
415 523 439 568 δι
453 534 565 584 quattuor
576 519 742 569 indictionum
755 520 830 571 cursus
845 519 885 570 suo
899 525 988 571 ordine
1003 527 1131 587 explicatus
1144 538 1203 572 nott·

173 581 249 632 batur.
266 587 320 631 Hoc
336 599 414 630 unum
429 597 485 631 veto
502 583 598 631 eruditis
613 582 809 632 conlidctandurn
825 586 944 648 relinquo.
962 592 1017 647 Ego
1026 589 1094 636 enim
1107 589 1207 651 (ingentu

172 642 264 706 fateor)
278 661 332 693 curn
344 646 433 694 diutius
442 663 468 693 tn
477 659 503 692 ea
514 644 652 694 difficultate
667 647 777 694 lolvetrda
794 646 875 695 frustra
894 647 1053 700 laborassem,
1069 650 1131 698 nihrl
1145 649 1206 711 reperi

175 708 243 771 quod
257 703 385 756 satisfacere
399 710 510 771 cuiquam
528 707 592 771 polle
608 709 670 755 milri
683 709 805 756 videretur.
838 713 902 757 Inter
918 726 962 759 eos
981 725 1063 759 autem
1072 714 1116 776 qui
1125 711 1152 758 ab
1159 708 1206 759 orbe

173 770 276 817 condito
291 770 321 818 ad
332 769 453 820 Christum
472 783 553 818 natum
571 785 690 818 antrorum
705 769 824 818 summam
843 770 970 835 diligenter
980 769 1072 822 notasse
1089 773 1207 821 referuntut

177 836 275 896 (eorum
290 847 370 881 autern
385 834 482 896 longam
497 829 579 880 seriem
590 833 672 896 Xystus
683 832 788 881 Senensis
803 835 827 880 itt
845 831 903 881 sacra
916 833 1070 884 Bibliotheca
1079 836 1121 883 lib.
1130 852 1150 883 v.
1165 842 1206 883 An·

175 907 254 943 notat.
264 906 303 944 σε.
313 891 420 959 collegit)
437 895 560 942 neminem
577 895 674 946 inveni,
689 896 731 959 qui
741 896 822 943 minus
830 911 843 942 a
851 896 987 958 'Cyclorum
1007 896 1206 961 integritatedilre-

174 955 246 1011 dere,
262 961 286 1007 ἃ
303 957 332 1007 ad
349 958 463 1021 temporis
478 957 552 1004 totius
560 958 681 1005 veritatem
696 958 791 1019 propius
809 958 915 1006 accedere
931 960 999 1007 mihi
1012 959 1132 1015 videatur,
1146 973 1207 1023 quarn

177 1016 261 1067 beatus
278 1022 314 1069 Au
330 1019 427 1068 ustinus.
461 1023 484 1066 ls
500 1021 567 1067 enim
583 1019 621 1083 (ut
634 1018 737 1066 referunt
752 1017 837 1075 multi)
854 1017 991 1068 universum
1008 1029 1104 1085 tempus
1120 1020 1149 1068 ab
1160 1021 1206 1070 orbe

175 1081 287 1131 conditio
301 1036 330 1130 αξ
341 1081 462 1130 Christum
479 1095 562 1129 natum
579 1098 677 1148 qumque
687 1084 780 1127 millibus
789 1087 888 1129 trecenos
896 1087 1069 1147 quinquaginta
1081 1088 1147 1131 m'lu
1155 1087 1207 1130 annu

156 1138 374 1207 ‘comprehensum
395 1141 463 1192 fuisse
483 1143 576 1192 statuit:
609 1143 678 1215 quod
706 1141 805 1206 spatium
829 1143 847 1192 sr
871 1147 925 1208 quis
952 1147 979 1193 in
1009 1148 1100 1211 Cyclos
1120 1149 1206 1203 maiorer

176 1208 288 1268 Dionysii
308 1208 431 1269 partierit,
456 1206 572 1261 inveniet,
607 1205 675 1268 {upra
696 1205 814 1254 decimum
841 1208 944 1269 cyclum
967 1209 1032 1256 nihil
1059 1211 1157 1271 amplius
1175 1222 1204 1254 re·

176 1267 297 1323 dundatc,
318 1284 391 1335 quam
412 1285 479 1314 annos
494 1271 658 1330 trigenta-tres,
680 1269 747 1333 quod
769 1267 919 1316 librariorum
935 1271 976 1319 vel
999 1272 1153 1335 negligentia,
1176 1269 1206 1318 vel

176 1334 310 1381 temeritate
334 1325 487 1380 commillum
511 1330 645 1380 existimare
667 1333 721 1395 quis
746 1328 816 1379 facile
839 1333 932 1393 poterit.
968 1338 1063 1382 Decem
1088 1335 1151 1383 enirn
1164 1337 1204 1395 cy·

175 1396 271 1444 elotum
288 1391 363 1442 cursus
380 1397 476 1459 quinque
496 1395 591 1439 millium
611 1408 753 1440 trecentorum
772 1396 856 1456 uigttrti
878 1412 988 1441 antrorum
1002 1397 1128 1444 intervallo
1141 1390 1204 1442 netes·

176 1454 237 1506 satio
250 1456 374 1519 perficitur.
409 1455 454 1503 Vbi
468 1468 547 1503 autem
562 1471 574 1503 a
590 1459 611 1502 S.
629 1452 760 1518 Augustino
774 1470 830 1503 eum
848 1469 970 1504 annorum
989 1473 1120 1506 numerum
1134 1456 1205 1505 defini-

176 1531 230 1567 tum
254 1515 322 1565 fulls:
341 1531 480 1572 teneamus,
504 1517 581 1566 adhue
603 1533 694 1580 qtttero.¹
728 1518 823 1579 opinor
846 1532 902 1566 vero
924 1521 951 1566 tr'
972 1521 1024 1567 ima
1048 1522 1121 1570 trium
1142 1535 1204 1568 anno·

176 1595 231 1629 rum
248 1594 376 1627 nunrerunr
394 1578 459 1639 supra
476 1581 579 1637 integros
596 1581 685 1641 Cyclos
701 1594 714 1626 a
731 1581 845 1645 quopiam
858 1578 944 1628 fortca
963 1583 1060 1639 dnum,
1099 1584 1123 1630 ui
1136 1581 1203 1645 putarit

176 1641 208 1692 ab
218 1639 275 1690 orbe
285 1641 384 1690 condito
399 1655 450 1688 non
466 1639 495 1686 ad
505 1640 593 1687 christi
608 1652 703 1695 ortum,
720 1637 759 1688 sed
777 1639 807 1688 ad
817 1654 923 1689 mortem
933 1645 986 1699 ejus
1004 1641 1050 1692 else
1059 1598 1202 1693 afferendum.

177 1703 223 1754 nifi
240 1702 302 1751 forte
312 1719 392 1753 verum
402 1702 429 1749 srt
439 1702 506 1766 quod
520 1703 594 1765 aliqui
606 1699 714 1753 afferunt,
732 1704 931 1751 Nellotianornm
946 1703 1145 1754 consuetudinem
1159 1701 1204 1754 fitis·

178 1766 217 1822 se,
234 1766 322 1816 Christi
337 1780 414 1814 annos
428 1781 479 1813 non
491 1764 520 1812 ab
529 1765 577 1824 ejus
592 1779 659 1819 ortu,
675 1762 714 1812 sed
723 1763 752 1812 ab
760 1761 920 1826 assumptione
935 1766 962 1815 in
972 1771 1060 1817 caelnm
1070 1767 1203 1818 numerandi.

178 1831 246 1896 quod
255 1831 307 1893 post
315 1825 473 1877 ascensionem
484 1827 630 1874 divinitatem
645 1827 696 1885 ejus
707 1825 805 1875 confelfi
819 1827 925 1883 fuerim.-
938 1846 993 1878 non
1008 1846 1076 1879 ame.-
1100 1837 1145 1895 Ego
1159 1844 1204 1877 veto

177 1894 264 1957 quovis
284 1890 428 1940 sacramento
452 1889 646 1954 contenderim(
671 1889 850 1954 nandoquidem
868 1890 1024 1944 neceffarium
1041 1889 1088 1943 else
1102 1891 1205 1942 ostentm

177 1971 207 2005 etr
218 1954 379 2018 praedMHsest,
396 1954 527 2017 cyclorum
543 1952 641 1999 initium
653 1905 733 2000 aerim
748 1967 802 2000 cunt
820 1953 870 1999 culi
886 1967 957 2002 motu
973 1951 1071 2018 coepisse
1085 1957 1205 2010 currem&

180 2016 295 2081 usquead
314 2028 396 2062 natum
413 2014 535 2063 Christum
553 2015 641 2076 Cyclos
657 2016 761 2078 integros
779 2018 884 2062 omnino
902 2021 1024 2065 numerari
1039 2016 1157 2080 ooortere)
1170 2018 1205 2066 al·

177 2078 334 2133 fonfiRczis,
366 2076 575 2126 uiAlltonom'teas
589 2075 680 2124 tabulas
697 2074 850 2137 compofitit‚
867 2093 989 2126 annorum
1007 2097 1135 2129 numerem
1151 2093 1208 2128 nott·

178 2156 246 2197 tum,
263 2092 389 2189 nt'anifetho
404 2152 539 2201 corruptum
553 2133 614 2196 else3
635 2138 751 2203 facileque
768 2138 915 2200 deprehendi
934 2144 1051 2205 aquovis
1069 2143 1138 2205 poll'e.
1169 2143 1208 2190 l’ti·

179 2205 318 2254 musenim
339 2203 441 2265 cyclus,
467 2217 518 2256 532·
535 2201 604 2247 annis
622 2201 718 2249 constat.
753 2202 887 2257 Secundus,
916 2215 988 2259 1064,
1022 2209 1208 2262 Tertius‚1596·.

180 2275 297 2331 Quartus,
315 2276 389 2312 2128,
403 2264 522 2326 Quintus,
539 2272 610 2310 2660.
627 2267 721 2315 Sextus,
740 2280 808 2317 3192-
845 2264 973 2326 Septimus,
991 2283 1062 2323 3724.
1098 2271 1208 2317 otiatus,

179 2340 250 2386 4356.
267 2331 362 2380 Nonus,
378 2335 450 2384 4788.
466 2325 595 2378 Decimus»,
615 2341 683 2381 5320,
699 2326 859 2381 VndccimuS,
877 2337 948 2383 5852.
965 2331 1140 2387 Duodecimus,
1150 2341 1207 2385 orsu

177 2396 260 2441 Praeter
269 2389 314 2436 lios
328 2400 407 2434 autent
422 2401 535 2433 numeros
551 2386 673 2436 consrstere
686 2384 770 2452 integri
781 2389 848 2452 Cycli
859 2404 908 2436 non
927 2387 1033 2451 poffunt.
1050 2400 1209 2459 Qarcneure·

179 2470 217 2502 tus
227 2447 329 2500 Alfonl'u
340 2448 439 2496 tributus
449 2464 500 2496 trun
510 2458 580 2504 6984.
596 2447 634 2497 sed
645 2462 658 2498 6
663 2461 718 2506 3841
731 2450 883 2498 rellitucndus
897 2453 937 2500 ell.
974 2459 1064 2503 Verum
1083 2456 1209 2514 conjecturis

178 2516 260 2565 frustra
276 2515 320 2561 niti
335 2512 360 2560 in
378 2527 403 2558 re
416 2509 562 2575 gravillima,
577 2524 690 2577 tantaque
707 2512 872 2560 sententiatum
888 2515 1017 2568 varietate,
1042 2519 1150 2566 hominis
1164 2518 1207 2564 otiu

179 2580 259 2642 potius
274 2575 404 2629 abutentis,
428 2589 501 2629 uuam
518 2574 638 2634 prudentis
659 2588 698 2631 aut
715 2575 821 2624 industrii
836 2576 881 2624 viri
903 2573 949 2625 effe
969 2579 1019 2637 jam
1038 2581 1131 2642 pridem
1144 2580 1207 2628 stant.

181 2645 237 2689 Hor
253 2655 297 2701 ego
314 2636 354 2684 etsr
373 2635 487 2685 verillinra
500 2635 559 2690 elle,
584 2636 686 2700 ideoque
704 2637 824 2698 probanda
841 2637 958 2686 omnibus
971 2638 1048 2688 visum
1065 2644 1094 2689 iri
1109 2641 1208 2694 conlido,¹

181 2703 278 2753 eruditis
294 2714 374 2747 tamen
392 2700 504 2746 maturius
520 2697 686 2747 consideranda
699 2699 823 2762 proposui3
838 2712 864 2748 ut
886 2703 942 2765 quia
962 2718 1004 2750 me
1022 2704 1165 2759 hominem,
1186 2703 1206 2748 in

181 2779 255 2828 quern
265 2761 415 2810 errorcadcre
424 2761 513 2823 potest,
529 2758 647 2824 agnosco,
663 2760 692 2814 ab
701 2763 734 2816 cis
743 2762 899 2822 admonitus,
913 2779 1004 2817 errores
1012 2781 1085 2819 meos
1097 2769 1208 2834 corrigam·

181 2831 277 2884 Romu,
287 2841 340 2876 vri.
350 2823 386 2878 ld.
397 2826 491 2888 Aprilis.
502 2841 531 2874 rr.
547 2840 572 2873 u.
587 2838 629 2875 xc.
