2490 4500
108 382 136 433 tt
151 377 179 431 in
192 372 289 448 topicis
302 368 358 447 ipse
370 371 469 429 Cicero
479 367 607 435 testatur,
626 365 694 445 quid
713 367 748 425 de
764 369 799 427 iit
815 366 957 438 dicemus,
976 378 1040 453 quic
1052 374 1126 437 nli&

110 452 236 527 praetotio
248 448 327 509 nobis
339 448 441 519 adlesta
456 446 534 514 snot;
556 463 619 502 uanr
632 446 752 504 edictum
768 451 888 523 praetotit
903 450 994 531 alege
1005 452 1126 513 diversunt

112 522 162 582 est.
182 523 472 601 quiddciisdieemus,
492 542 551 598 quae
562 522 703 579 contradltu
715 521 809 583 nobis,
832 531 860 581 δι
873 527 967 601 pretio
979 529 1017 584 ita
1027 546 1126 607 come

112 603 247 664 ravimus,
270 617 301 656 nt
313 596 395 655 nostri
402 600 532 673 mancipii
544 597 616 655 fana
624 596 684 661 snt,
705 597 772 673 quid
785 597 818 655 de
829 599 963 676 iir,-qnae
975 604 1076 679 ptaeclr'o
1088 622 1126 661 tto·

113 673 171 732 stro
184 677 318 733 alluvione
335 676 459 733 fluminis
469 692 652 737 accreverunt,
676 673 792 749 quidde
809 675 859 735 iic,
880 696 941 753 quae
955 677 981 735 se
993 680 1071 739 nobi,
1081 678 1126 737 fu.

114 768 181 808 tuna
196 752 364 815 obtulerunt,
384 769 413 807 ut
426 748 540 807 thesauri
549 750 687 813 intentio,
708 768 737 805 nt
751 755 842 807 atium
854 771 983 827 captura,
1002 775 1062 830 quae
1073 746 1126 813 libel

114 846 148 883 to
160 848 218 884 aere
230 845 375 905 vagantur,
396 826 468 897 quod
483 823 502 881 fi
521 826 581 900 quis
595 825 652 882 lraec
664 823 696 881 ad
710 825 797 901 legem
811 823 920 890 referat,
942 828 1092 889 redundant
1104 850 1126 885 u-

115 904 151 959 tit
164 901 341 965 haeedivifio,
352 902 425 979 qnod
439 920 496 957 non
508 899 636 956 leviusest
647 919 793 976 peccatum.
814 901 1062 963 haetenuscaenus.
1080 904 1126 965 bn

115 998 205 1035 aurern
217 999 279 1035 curn
294 979 407 1053 plebano
419 975 503 1033 sanbli
512 976 675 1051 Apollinaris
688 975 811 1051 Baptistae
819 978 912 1037 Eleslo
919 978 1016 1037 nostro
1027 984 1126 1059 optino

116 1073 147 1111 nt
159 1053 207 1110 scis
217 1056 347 1133 ingenio,
369 1052 527 1128 summaque
541 1050 666 1108 doctrina
680 1052 792 1129 praedito
803 1052 939 1127 legislem,
960 1056 1028 1133 quid
1048 1058 1126 1134 inqu'u

68 1164 71 1169 -
116 1130 214 1189 leius
227 1130 270 1187 bic
282 1133 332 1194 ait,
355 1128 487 1204 Equidem
502 1147 558 1184 non
573 1128 687 1183 arbitror
699 1124 744 1183 lrie
759 1130 930 1187 M.Tullium
947 1136 1126 1191 omunstatio·

115 1225 180 1268 nes,
201 1214 227 1263 δι
242 1206 338 1262 modos
351 1222 493 1261 numerare
508 1200 626 1268 voluisse,
637 1203 736 1278 quibus
749 1202 862 1279 quisque
873 1208 911 1263 tei
922 1209 1033 1281 alicujus
1047 1204 1126 1269 domi·

116 1301 168 1337 uns
180 1279 238 1338 fieri
249 1279 334 1355 possut.
353 1280 396 1337 led
412 1277 613 1354 quibuscaufis,
634 1285 1073 1353 tantumqnaecotnmuniaetant,
1089 1282 1126 1343 fi·

116 1360 160 1414 ela
176 1356 225 1413 sunt
240 1360 351 1433 privata.
371 1374 458 1427 neque
475 1352 576 1410 sirene
590 1356 650 1429 quis
662 1354 824 1419 consideret,
846 1357 912 1427 aliap
925 1356 1031 1417 sortasse
1042 1378 1125 1437 preme

114 1430 372 1505 bassacilereperict.
393 1433 468 1487 Nam
481 1428 570 1486 edicio
582 1431 717 1503 praetoris,
738 1432 1125 1503 &couttadlneanosttafinutl

115 1528 175 1582 quae
186 1526 261 1563 erant
272 1509 393 1570 alterius,
413 1524 469 1561 noo
481 1508 650 1561 communia.
672 1507 735 1561 item
747 1506 871 1563 elutione
884 1527 1012 1578 eatena,
1032 1514 1124 1589 qua-iu

115 1584 222 1639 alterins
233 1580 319 1637 sundo
330 1600 402 1645 etat,
423 1583 451 1636 in
459 1581 715 1657 alienumaqurrnm
725 1584 751 1638 vi
765 1582 891 1639 translata
905 1582 963 1648 est,
980 1607 1013 1644 er
1028 1590 1122 1663 privato

114 1656 276 1714 locoscilicet
291 1659 318 1713 in
328 1660 474 1732 privatum.
495 1654 648 1714 Thesaurus
659 1676 749 1713 autent
763 1660 810 1733 qui
825 1652 971 1727 offeratur,
994 1672 1019 1721 lt
1032 1666 1122 1723 arieli·

114 1732 193 1798 bera,
215 1741 240 1789 &
257 1733 284 1789 id
297 1752 382 1812 genus
392 1733 444 1789 alia
458 1735 487 1788 in
498 1732 689 1789 communibus
702 1734 778 1789 rebus
795 1753 998 1803 numerantur,
1024 1746 1051 1797 δε
1064 1738 1123 1803 liunt

114 1813 279 1887 occupantis.
296 1828 385 1885 traque
398 1809 555 1866 communia
573 1826 619 1864 aut
629 1810 804 1883 occupatione
819 1809 892 1867 fasta
905 1810 967 1869 sunt
979 1818 1072 1890 priuati
1087 1818 1121 1887 iu·

113 1888 167 1950 tis,
186 1905 230 1942 aut
247 1887 330 1949 bello,
352 1904 398 1942 aut
408 1886 465 1960 lege
480 1887 549 1939 inter
562 1884 688 1959 populos,
717 1886 859 1961 paclionc,
885 1888 1057 1956 conditione,
1074 1892 1122 1953 sot·

112 1979 150 2017 te.
171 1962 234 2019 illud
247 1980 335 2019 autent
350 1959 388 2017 est
402 1959 446 2016 hic
465 1960 732 2015 atrinuadtertentlnut
752 1962 825 2036 quod
838 1967 946 2027 Marcus
956 1968 1063 2024 Tullius
1073 1986 1120 2025 nun

112 2036 146 2094 de
162 2040 325 2114 privatorum
343 2037 507 2100 bominum,
532 2054 624 2091 terum
638 2035 671 2092 dc
680 2036 797 2167 publicis
811 2036 1009 2113 possessionibus
1020 2044 1121 2120 populo·

111 2134 192 2179 rum,
213 2122 238 2171 δι
252 2117 390 2170 civitatum
406 2113 536 2187 loquitur.
544 2110 627 2186 «pund
649 2114 676 2185 ip
690 2132 704 2165 e
718 2108 808 2169 statim
831 2117 945 2190 exponit
967 2116 1121 2181 dioentst'tl

109 2208 160 2263 qno
167 2192 203 2264 fit
216 2206 246 2246 nt
262 2208 324 2265 aget
337 2194 456 2263 Arpinas
474 2192 633 2262 Arpinatem
648 2192 775 2251 dicatur,
801 2189 960 2263 Tusculanus
976 2193 1121 2270 Tusculana

39 2288 43 2293 ·
110 2284 183 2325 runt,
206 2284 234 2319 ut
247 2263 295 2320 hac
316 2261 490 2319 similitudine
508 2260 630 2319 ostendat
646 2283 721 2321 certa*
739 2262 864 2340 cujusque
917 2265 1004 2327 rsonae
1026 2262 1121 2331 reseffi

109 2341 243 2413 proprias.
263 2356 344 2414 qnare
357 2338 461 2412 inquit,
483 2335 672 2411 similisqueell
684 2341 818 2416 privata&
833 2360 867 2416 po
888 2340 1018 2401 csfionnrn
1033 2344 1121 2411 deseri

69 2458 72 2467 .
110 2416 179 2489 prio.
199 2433 230 2469 cx
243 2434 297 2489 quo
310 2411 385 2469 snum
398 2411 522 2487 cujusque
535 2410 566 2469 sit
576 2433 689 2479 eorum,
710 2431 769 2490 qux
783 2435 878 2475 natura
892 2416 1120 2481 fucrantconttnn·

109 2491 176 2555 nia,
200 2489 271 2566 quod
289 2491 384 2564 cuique
398 2488 496 2567 obtigit
516 2488 544 2544 id
557 2488 670 2565 quisque
683 2509 786 2559 teneat,
816 2490 859 2548 bic
871 2495 910 2549 ita
926 2493 968 2551 est
981 2498 1120 2577 intelligen·

109 2564 194 2628 dum,
213 2586 263 2630 co,
284 2584 342 2642 quae
358 2581 451 2621 natura
465 2561 571 2621 fueraut
583 2571 758 2630 communia,
780 2567 833 2623 illis
848 2585 956 2626 tarnum
978 2576 1119 2632 rationibus

110 2636 220 2716 potuisse
233 2640 289 2697 fieri
303 2640 421 2716 publiea,
443 2639 483 2694 vel
496 2643 614 2715 privata,
626 2639 691 2707 ,baec
706 2661 794 2698 autom
803 2641 931 2701 &iisdem
942 2649 1039 2706 &aliis
1049 2670 1119 2707 com·

109 2718 229 2793 pluribus
243 2715 614 2793 postca'excogitatismodis,
633 2715 771 2781 distribui,
792 2718 858 2774 &ad
867 2720 935 2776 alios
946 2728 1119 2796 qnotidieuo·

108 2813 155 2850 vos
166 2793 293 2849 dominos
301 2793 448 2868 pervenite.
468 2793 582 2865 itaquesr
592 2811 624 2847 ex
635 2793 719 2847 verbis
732 2796 872 2850 Ciceronis
883 2815 977 2852 verum
989 2800 1120 2865 eliciamus

107 2867 231 2933 sensum,
252 2861 354 2923 sortasse
368 2870 396 2923 in
409 2887 440 2924 en
459 2864 589 2925 divisone
603 2866 670 2923 nihil
682 2870 797 2942 amplius
813 2868 1033 2932 desiderabitnnr.
1052 2876 1120 2950 quod

107 2942 127 3001 fi
145 2962 320 3001 communem
334 2945 578 3018 interpretationem
593 2941 664 3015 sequi
681 2946 775 3008 libeat,
798 2947 994 3005 nonvidcocnr
1005 2952 1118 3011 cdiblutu

107 3023 227 3096 praetoris
237 3018 332 3076 Caelius
343 3036 419 3074 ncoet
432 3018 498 3083 csle,
518 3021 602 3097 legem
619 3038 679 3074 cum
692 3023 720 3075 in
735 3023 811 3076 tertia
824 3024 900 3078 Vcrt.
919 3027 1017 3081 Cicero
1028 3025 1118 3085 confit·

107 3097 292 3155 merediclnm
309 3090 359 3151 else
372 3069 459 3170 ligem
474 3115 591 3152 annuum
611 3135 618 3148 .
645 3092 687 3150 sed
706 3114 734 3150 ut
749 3096 781 3151 de
799 3100 913 3153 nomine
927 3102 1114 3167 concedamur',

106 3177 164 3229 uim
177 3192 267 3230 tamen
280 3172 345 3250 legis
360 3172 480 3227 obtineat
492 3166 646 3232 neccsscest,
668 3189 696 3226 ut
709 3172 980 3239 senatusconsultum,
1002 3178 1115 3256 responsa

107 3248 289 3323 prudentum,
307 3251 458 3324 principum
467 3248 577 3322 placita,
599 3247 769 3322 plebisscita,
791 3246 976 3325 juliapopult',
1001 3262 1115 3321 mos,lc

105 3324 284 3385 consuetudo,
306 3331 331 3380 δι
345 3322 363 3380 fi
378 3342 431 3398 qua
446 3322 566 3379 litoralia
580 3322 657 3394 bujus
669 3325 788 3401 generis,
809 3344 869 3398 quae
880 3343 1011 3403 tanquam
1026 3330 1117 3406 specim

106 3401 176 3476 legi,
194 3400 319 3478 urgeneri
329 3399 418 3469 subjici
431 3398 543 3466 debent,
562 3400 634 3475 quod
646 3418 733 3455 autern
750 3418 916 3474 permutatur
932 3421 979 3458 aut
994 3410 1111 3481 pecunia,

107 3492 154 3530 aur
166 3476 218 3531 alia
229 3495 256 3531 te
269 3495 323 3531 non
339 3476 628 3551 paslioueeontinetnr.
650 3494 712 3531 narn
726 3474 861 3533 tbesautut
871 3474 982 3535 sottnna
996 3483 1107 3545 oblatus,

108 3556 136 3607 δι
154 3548 234 3626 pisces
246 3552 275 3606 in
286 3551 398 3626 publicis
409 3568 454 3606 unt
468 3551 496 3606 in
511 3552 702 3629 communibus
711 3552 890 3615 fluminibus,
910 3560 938 3609 δι
949 3558 1026 3615 aetia
1042 3576 1108 3619 avet,

107 3628 205 3681 omnia
217 3623 275 3681 sunt
285 3627 458 3690 communia,
486 3634 513 3683 δι
525 3631 698 3702 occupatione
710 3625 777 3682 fiunt
789 3630 914 3702 propria,
944 3632 1034 3705 itaque
1047 3630 1108 3689 ride·

108 3699 410 3759 mnshaecomniaillius
420 3699 558 3758 diuisonir
571 3700 742 3778 partibusesle
751 3701 954 3777 comprehensa.
974 3704 1112 3783 nequest«

104 3781 133 3841 ‚ti
145 3773 297 3855 pumstea,
315 3795 402 3855 quam
416 3778 514 3837 Caelius
522 3779 604 3844 dicit,
623 3782 653 3837 iu
666 3796 697 3835 ea
712 3776 844 3839 divisione
860 3778 1036 3861 redundatio,
1053 3798 1105 3839 urm

1070 3869 1106 3912 ‘ll
