2490 4500
1032 237 1104 334 283

103 335 182 399 ttlint.
219 333 252 392 ad
267 332 509 410 mentem'quidem
527 371 536 400 ,
560 353 622 390 cum
638 334 723 391 autin
737 331 964 408 contemplatione
981 368 989 395 ,
1019 337 1107 391 autin

109 416 197 471 abbone
209 412 356 469 versantur.
393 430 452 487 quae
466 429 554 467 autem
570 412 602 466 ad
617 429 711 484 corpus
725 405 871 467 reseruntur
886 445 894 472 ,
926 426 971 466 aut
983 427 1109 467 commu·

110 486 199 549 neeesse
210 491 286 561 ajunt
301 526 310 553 ,
341 504 370 544 ut
386 488 585 559 eonjundiionis
604 488 734 562 appetitus
748 485 904 560 procreandi
919 490 995 543 causa
1007 493 1033 543 &
1046 504 1109 543 cura

109 582 204 628 tntum,
225 584 284 639 qua:
298 582 433 638 procreata
450 562 527 625 fitttt,
548 580 592 619 aut
605 565 728 638 propriae.
747 563 959 635 unumquodque
972 564 1045 618 enim
1062 581 1110 640 μὴ

111 639 338 697 nusauimanrium
350 641 472 715 proprias
481 642 627 714 voluptates
641 637 728 693 habet.
751 636 820 693 unde
829 640 899 696 redte
909 643 1004 702 Maro,
1024 640 1109 694 traso}

106 716 146 783 set
159 734 278 789 quemque
294 718 414 790 voluptas
431 733 478 769 att.
517 723 542 771 &
559 713 613 771 haec
625 716 793 771 ffitttmmttes
812 711 957 770 secundum
972 733 1109 774 naturam.

108 812 212 865 quatum
226 792 278 847 alia
290 812 339 866 pro
356 792 436 863 partit
450 793 506 857 eius
519 787 680 864 perfessione
695 828 704 853 ,
729 792 801 857 cnjus
812 790 850 845 est
865 792 1002 864 voluptas,
1024 787 1109 865 perfe-

107 866 279 931 stiotestaiia,
298 888 331 932 et
343 886 398 941 quo
413 867 504 922 multis
520 868 637 941 partibus
649 865 816 941 persediiores
829 863 876 920 esse
891 867 1036 940 voluptates
1048 867 1108 925 arni·⁴

107 962 173 1006 mat,
199 962 258 1018 que
280 946 308 997 in
328 943 576 1017 contemplatione,
604 962 687 1011 quam
707 962 765 1017 quse
784 961 811 995 tn
831 943 937 1002 ustione
955 941 1107 1005 versantur,

107 1018 214 1075 ostendit
235 1018 318 1075 Arist.
337 1026 363 1074 δι
383 1017 492 1091 quando
512 1015 712 1090 uniuscujusque
730 1016 844 1074 actionis
857 1012 934 1074 butrat
949 1016 987 1077 est
1003 1020 1111 1091 propria

107 1096 237 1171 uoluptas,
261 1114 307 1150 nec
321 1091 511 1163 astionessunt
525 1112 598 1168 pares
615 1129 623 1155 ,
651 1091 682 1149 fit
694 1114 722 1149 nt
736 1111 820 1167 neque
833 1094 977 1168 voluptates
995 1093 1044 1150 sint
1063 1112 1111 1168 pa·

108 1188 152 1229 tet.
188 1172 339 1227 Secundum
363 1188 485 1227 naturam
500 1188 563 1226 reto
576 1189 707 1245 corporeae
720 1170 866 1244 voluptates
879 1169 938 1225 sunt
951 1166 1109 1234 necessarie,

110 1245 256 1303 smedium
269 1250 337 1303 inter
353 1248 470 1302 nimium
486 1252 513 1302 dt
528 1265 621 1321 parum
634 1246 722 1301 iocum
735 1245 856 1301 obtinent
869 1266 876 1302 :
900 1244 973 1319 quod
989 1246 1112 1303 srearurn

112 1324 199 1381 modus
211 1342 266 1379 non
282 1326 425 1378 retineatur
440 1338 539 1377 naturae
553 1319 621 1383 fiunt
634 1323 782 1377 contraria.
822 1321 903 1397 idque
919 1340 964 1379 aut
977 1322 1033 1391 ejus
1052 1341 1112 1377 cor-

113 1416 138 1457 tu
165 1403 250 1463 ione,
274 1417 320 1454 aut
333 1398 403 1457 mala
413 1395 623 1461 consuetudine,
648 1415 693 1452 aut
707 1398 797 1454 morbi
811 1400 878 1452 vitio
893 1435 902 1463 ‚
926 1416 972 1457 aut
983 1399 1113 1473 opinione

115 1418 169 1531 suisa
180 1478 277 1531 euenit.
300 1493 328 1533 ut
340 1473 382 1531 iila
397 1476 517 1529 Zenonis
526 1474 647 1530 exultans
662 1471 714 1533 stne
727 1474 829 1529 ratione
840 1473 929 1532 letitia
944 1511 952 1538 ,
982 1481 1008 1531 δι
1022 1476 1115 1544 jucun-

116 1550 175 1608 ditas
189 1552 218 1607 in
232 1548 348 1607 sensibus
360 1551 462 1618 maior,
481 1569 564 1623 quam
578 1550 715 1623 integritas
728 1568 827 1609 naturae
836 1554 966 1624 patiatur,
988 1551 1116 1627 quaeqtti÷

117 1626 168 1681 dem
176 1646 238 1682 tunc
247 1623 459 1689 conservabitur,
479 1644 608 1689 eumaem
629 1627 736 1685 erantiae
750 1623 878 1699 presidiis
889 1645 1012 1690 utemur,
1032 1645 1117 1700 aqut-

117 1700 158 1773 but
175 1702 253 1780 longe
273 1701 368 1758 absunt
388 1702 540 1777 quicunque
558 1703 587 1756 in
607 1645 662 1757 sola
678 1700 811 1776 uoluptate
823 1702 925 1758 bonum
941 1702 1116 1760 constituunt.

121 1777 181 1853 quast
196 1798 256 1834 veto
270 1778 306 1834 ub
320 1778 348 1835 id
364 1776 448 1833 solum
462 1776 491 1833 st
505 1796 579 1852 qtrus
593 1775 695 1839 homo,
717 1796 746 1832 ut
761 1778 794 1831 iis
808 1776 984 1851 voluptatibus
997 1776 1117 1855 fruatur,

120 1858 202 1911 &nnn
217 1856 328 1931 proprio
341 1872 451 1909 munere
466 1890 474 1917 ‚
503 1862 529 1909 δι
548 1871 640 1908 natura
656 1851 793 1908 scientiam
807 1872 894 1908 retum
907 1858 1032 1909 omnium
1051 1889 1060 1916 ,
1089 1860 1117 1913 bt

120 1932 272 2005 prudentiam
282 1928 385 1993 studio,
407 1936 432 1989 dt
447 1930 534 1985 labate
545 1928 591 1986 sibi
604 1947 752 2003 comparet,
774 1946 802 1983 ut
813 1927 925 1986 domitis
937 1929 1045 1989 tandem
1059 1928 1117 1984 sett-

112 2004 176 2061 ·libu.t
189 2008 228 2063 vti
241 2004 450 2080 torittmpiundo
465 2005 577 2067 divina,
604 2004 760 2085 relegendo
776 2002 791 2058 fi
797 2004 855 2061 mili
869 2003 966 2063 divinae
984 2005 1118 2079 voluptate

149 2080 265 2141 sinatur.
304 2101 382 2155 atque
392 2080 478 2139 ,multi
495 2079 578 2136 sitient
590 2082 753 2155 voluptatem
771 2081 877 2154 Epicuri
889 2099 923 2136 ex
938 2078 1072 2137 honestate
1085 2080 1118 2136 il·

123 2098 162 2213 iiis
172 2162 227 2215 tirae
238 2157 353 2213 laudare.
392 2156 624 2231 quemadmodum
636 2160 717 2212 etiam
732 2157 856 2219 Eudoxi,
878 2157 986 2230 perinde
1002 2154 1075 2230 quast
1089 2174 1121 2213 ut

127 2234 182 2289 iitat
194 2233 383 2311 philosophus,
408 2254 463 2287 non
480 2252 507 2289 ut
519 2234 641 2307 loquatur
654 2231 843 2288 attendendum
857 2229 897 2291 stt.
926 2251 952 2289 at
962 2235 1043 2289 etiam
1058 2252 1119 2310 gra-

127 2308 178 2365 rittr
190 2310 352 2385 quandoque
364 2312 503 2381 inquiant,
536 2328 564 2364 ut
576 2310 693 2365 §micum
710 2309 800 2365 auiitt
815 2327 888 2383 putes
903 2347 911 2371 ,
934 2311 994 2366 imo
1013 2327 1075 2364 uero
1089 2326 1121 2365 ιιι

127 2380 206 2442 ituit&
215 2386 369 2441 inconstans
378 2384 518 2446 habeatnr,
541 2404 568 2439 ut
581 2386 627 2458 qni
644 2383 710 2459 saepe
722 2384 850 2458 prepositi
863 2382 900 2441 sni
913 2386 1011 2440 obiitne
1022 2379 1071 2447 esse
1081 2388 1121 2440 vi·
1191 2382 1193 2387 ’

126 2456 210 2517 deutur.
249 2481 342 2527 cpntra
355 2480 434 2537 quem
451 2464 492 2515 M.
504 2461 609 2516 Tullius
625 2467 649 2516 δι
662 2466 717 2529 ejus
729 2460 889 2535 voluptatem
907 2460 949 2516 hic
962 2461 1120 2531 disputavit,

125 2552 192 2605 quam
206 2538 305 2595 Caelius
320 2557 363 2593 aut
379 2536 469 2591 debuit
479 2535 633 2599 defendere,
655 2532 672 2591 ti
688 2555 762 2593 more
774 2535 820 2592 suo
833 2556 927 2594 contra
944 2542 986 2593 di·
996 2537 1121 2597 Tullium

124 2608 255 2679 sentiebat,
276 2633 321 2675 aut
332 2633 360 2669 ut
371 2614 428 2687 jure
441 2609 625 2688 reprehensam
638 2613 733 2668 tacitus
746 2615 881 2669 omittere.

301 2767 452 2861 Vagefima
470 2767 551 2832 Casii
569 2761 931 2859 Ca'cagainidtsquifitio..

154 2905 224 2961 Dent
235 2903 290 2961 uita
312 2906 461 2961 Mercatura
473 2920 561 2960 atttem
575 2902 592 2960 st
607 2904 692 2961 tenuis
704 2899 757 2964 est,
780 2900 1067 2980 sordidaputandacd:
1087 2898 1140 2957 iin'

153 2998 272 3063 magna,
292 2986 319 3035 dt
335 2976 464 3057 copiosa,
493 2980 577 3037 multa
591 2981 709 3055 undique
720 2997 861 3056 apportans
878 3016 887 3042 ,
914 2979 1057 3056 multisque
1071 2976 1126 3049 sine

118 3058 229 3113 ienitate
244 3057 417 3127 impartierit,
439 3074 494 3110 non
509 3053 546 3111 est
559 3056 706 3112 adtnodum
718 3053 900 3132 vituperanda.
925 3050 1128 3131 Atqucetiamsp

118 3128 205 3188 striata
215 3132 336 3208 quaestu,
357 3131 396 3187 vel
408 3150 531 3187 contenta
545 3135 649 3206 potius,
671 3149 700 3187 ut
713 3127 778 3201 saepe
789 3151 822 3187 ex
835 3131 888 3188 aito
901 3133 930 3188 in
946 3149 1071 3207 portum,
1093 3149 1127 3186 ex

118 3206 171 3283 ipso
184 3227 264 3283 portu
280 3204 306 3263 se
318 3210 346 3283 io
359 3201 820 3289 agrospuss'effionesquccontuletit:
842 3206 944 3279 videtur
955 3208 1009 3277 jure
1020 3209 1126 3283 optimo

119 3278 185 3361 posse
197 3283 314 3340 landari·
353 3286 432 3341 Hanc
443 3302 493 3359 ego
505 3281 660 3339 sententiam
676 3302 730 3339 non
746 3283 824 3339 video
838 3320 846 3346 ,
874 3281 1014 3358 quomodo
1028 3284 1127 3339 rationi

117 3358 322 3423 consentaneam
338 3376 439 3435 putem.
465 3358 497 3417 de
509 3378 654 3415 mercatura
666 3361 740 3417 enim
757 3359 785 3414 in
800 3358 952 3429 universum
966 3359 1127 3434 querimus,

115 3436 254 3521 probanda
264 3454 300 3491 an
313 3434 491 3509 improbanda
503 3432 545 3490 stt·
565 3433 582 3491 st
596 3433 731 3510 probanda
742 3432 802 3498 est,
822 3432 943 3510 profesto
953 3452 1010 3490 tam
1023 3435 1130 3511 probari

116 3511 267 3569 institorem
285 3528 411 3586 oportet,
441 3515 488 3586 qui
507 3511 631 3584 cymbam
648 3506 773 3566 onustam
794 3513 904 3586 pipere,
931 3529 1014 3586 quam
1027 3512 1074 3584 qui
1087 3512 1132 3574 in-¹

113 3604 223 3669 gentem
237 3590 389 3643 onerariam
403 3604 497 3645 navem
513 3586 614 3643 ultimis
628 3606 661 3643 ex
676 3586 830 3672 regionibus
844 3586 994 3643 adduxerit.
1022 3590 1089 3649 Non
1103 3605 1132 3647 ef

112 3666 172 3721 nim
187 3660 232 3721 hic
244 3660 357 3737 quaestio
369 3658 407 3719 est
421 3659 453 3723 de
467 3664 505 3718 rei
518 3664 681 3738 quantitate,
702 3661 745 3720 ted
757 3662 935 3735 dequalitate.
975 3664 1132 3738 Quaerimus

108 3740 209 3803 enim,
229 3739 329 3801 titium
343 3757 379 3813 an
390 3738 472 3810 titius
486 3738 515 3813 iti
528 3758 558 3813 re
569 3736 613 3813 sit:
633 3757 691 3815 quae
699 3740 873 3817 qualitatem,
893 3758 948 3805 ripn
954 3739 1132 3825 quantitatem

1077 3822 1134 3892 ipe·
