2490 4500
93 321 159 379 aliter
171 314 196 374 se
207 315 308 404 habere
318 332 375 375 uon
385 312 501 403 P⁰fl²l¹¹¹2
525 316 632 404 ¹Neque
647 315 721 374 enim
738 333 833 405 eorum
851 314 942 377 ltaberi
955 229 1099 406 potesis-

96 392 271 459 nonliratro,
292 411 408 468 quotum
419 411 548 469 prntctpra
557 411 676 449 evariant
691 430 700 457 ,
724 411 803 469 arque
814 413 883 451 mter
896 394 922 452 se
935 393 1099 455 dtlsentinnr.

98 472 171 547 Quod
185 489 214 527 ut
229 470 327 526 melius
340 469 452 547 intelligi
464 466 553 546 polin,
575 467 708 526 sciendum
721 466 760 525 est
773 507 782 534 ‚
809 471 874 528 dnas
885 464 934 528 else
946 476 1045 530 animer
1054 492 1099 531 ra·

70 538 75 609 ,ἶ
100 548 198 605 rionalis
212 564 321 621 pareest
348 564 462 622 quarum
483 544 564 602 altera
581 543 694 603 solemus
710 564 739 602 ea
756 549 954 621 contemplari,
980 566 1100 626 quorum

70 648 73 657 ·
137 626 224 698 ncipit
239 626 268 677 in
280 621 414 678 diversum
426 623 498 678 abite
510 642 565 677 non
578 618 681 696 poliunt
694 643 701 678 t
727 622 807 679 altera
820 641 849 680 ea
861 626 997 682 intuemur
1011 663 1019 689 ‚
1039 643 1102 701 quat

70 692 90 771 ²,-
102 642 243 757 lllultotiis
252 706 281 755 dr
295 697 483 755 alternantibus
496 699 634 773 principiis
646 697 787 774 prodeunt.
808 702 838 754 ln
854 702 1101 775 prioreseientiam‚

70 794 85 837 ¹.
101 776 127 833 in
139 774 284 851 posteriore
299 774 466 850 prudentiam
480 771 630 833 statuimus·
668 775 704 830 ob
722 775 749 829 id
763 777 831 831 redte
843 777 946 832 didlum
959 795 1101 854 putamus,

70 842 85 919 ‚²
102 852 263 929 prudentiam
282 852 352 907 eirea
367 852 551 929 contingentia
568 856 593 906 δι
611 850 731 912 incerta,
760 847 894 907 scientiam
908 854 977 908 eirca
988 872 1058 911 certa
1073 859 1103 911 dt

70 948 76 963 ·
102 926 234 985 nocellatia
245 924 355 983 versari.
374 925 541 1002 prudentiam
559 927 586 982 in
600 944 672 1001 parte
687 927 816 1003 opinabili
827 927 993 995 intellectus,
1018 948 1105 1004 quant

103 1002 227 1062 dent-tet·
245 1006 334 1059 Gtaect
352 1021 469 1060 vocant:
495 1005 630 1059 seientiam
652 1005 679 1058 in
702 1021 774 1078 parte
792 1005 895 1079 optime
915 1003 1001 1062 sedem
1022 1004 1105 1062 habe·
1184 1053 1191 1063 .

70 1108 80 1149 ι,
103 1098 140 1137 te:
161 1080 236 1136 illam
249 1079 282 1133 de
296 1078 509 1154 particularibus,
532 1077 600 1134 hane
617 1080 649 1135 de
662 1077 872 1137 universalibus:
894 1080 967 1137 illam
981 1081 1013 1139 de
1025 1083 1103 1141 tebut

70 1162 87 1237 ξς
100 1154 224 1215 humanis
237 1194 246 1215 ‚
267 1153 337 1211 hane
348 1155 381 1211 de
393 1155 468 1212 rebus
481 1159 584 1213 aeternis
596 1154 743 1211 decernere.
780 1159 875 1233 Qtum
891 1159 980 1232 itaque
994 1159 1104 1218 virtuter

70 1238 85 1299 ξ
102 1250 262 1307 omnaque
276 1231 308 1287 ad
323 1249 411 1288 mores
423 1233 575 1307 pertinent,
604 1250 691 1288 rerum
705 1232 867 1309 agendarum
886 1230 1022 1309 officiique
1035 1234 1106 1292 dele·

70 1305 82 1355 't'
108 1308 171 1365 dum
184 1307 317 1364 habeantt
336 1308 473 1384 prudentia
488 1326 541 1363 una
553 1305 607 1372 est,
626 1326 684 1383 qua·
697 1309 765 1363 inter
777 1327 820 1364 eas
831 1309 979 1384 plurimum
991 1316 1105 1378 eminet,

70 1358 86 1465 l
108 1384 207 1458 &apud
217 1402 315 1440 omues
326 1382 399 1460 qnasi
415 1385 550 1441 architeeli
565 1386 620 1440 tice
632 1383 751 1460 iungitur
766 1404 773 1440 r
804 1388 930 1460 viamque
942 1384 1106 1446 deliberandi

109 1464 202 1537 aperit,
221 1467 249 1518 dt
261 1460 295 1517 ad
308 1461 486 1536 prescriptum
500 1459 616 1535 quodam
622 1462 704 1515 modo
719 1461 832 1517 limitem
845 1463 974 1537 perducit.
1012 1464 1106 1539 Qtato

81 1544 89 1601 ζ
109 1536 280 1611 inprudentia
291 1538 347 1592 tint
361 1536 537 1602 subducendi,
559 1538 587 1591 in
599 1534 705 1593 seientia
715 1541 769 1592 vitn
782 1536 957 1614 cognoscendi
969 1532 1018 1595 else
1028 1542 1107 1595 dixe·

108 1630 176 1671 mut:
195 1612 385 1684 scientiamque
401 1614 479 1669 nullis
494 1613 617 1669 flustibur
632 1613 697 1688 agi,
726 1610 768 1669 sed
782 1614 901 1690 ablegato
914 1616 993 1671 omni
1005 1610 1106 1675 afftdlu

110 1688 158 1746 suar
170 1689 280 1765 implere
293 1687 456 1746 funiliones.
495 1694 596 1745 Contra
610 1691 752 1764 prudentia:
766 1709 850 1766 patres
865 1685 935 1755 else,
960 1692 1047 1749 varias
1062 1711 1107 1750 ra-

85 1782 89 1793 ·
111 1766 187 1823 nonos
200 1767 281 1828 inite,
303 1765 434 1842 variisque
445 1763 594 1822 ereutfibus
607 1767 669 1845 agi,
689 1765 773 1822 donec
784 1765 849 1840 quid
864 1767 1019 1845 agendum,
1039 1766 1108 1842 quid

81 1854 88 1861 ·
113 1838 476 1919 sapiendumfiteonstituerit.
501 1843 536 1897 lis
549 1840 634 1904 adde,
653 1841 723 1914 quod
739 1842 877 1915 prudentia
888 1847 956 1898 eirea
969 1861 1008 1899 tes
1021 1840 1107 1919 gellae

77 1970 80 1977 ,
113 1916 253 1975 seminime
264 1936 388 1980 exercet,
416 1918 457 1973 sed
475 1915 564 1973 futura
584 1933 687 1973 tantum
707 1915 753 1973 sibi
771 1919 921 1993 proponite
954 1936 980 1973 at
998 1920 1107 1979 scientia

113 1992 215 2051 tetsarnr
225 1997 254 2051 itt
271 1993 328 2056 his,
347 2013 405 2068 qua
418 2013 502 2071 neque
515 1992 661 2055 deserunt,
683 2012 767 2069 neque
780 2011 899 2069 unquam
913 1992 1105 2054 delitutasunt.

113 2072 147 2127 Sic
159 2068 334 2146 l'lnlosophot
346 2071 488 2145 sapientes,
510 2071 709 2145 multarumque
722 2088 752 2125 ae
765 2073 947 2127 maximarum
958 2078 1047 2127 'rerum
1062 2090 1108 2128 ca.

70 2200 83 2213 ,
113 2162 176 2219 petet
186 2165 328 2203 voramus:
349 2147 486 2222 prudentes
499 2165 666 2222 nequaquam
681 2183 689 2210 ,
711 2164 801 2222 utpote
815 2149 861 2218 qui
875 2149 904 2202 itt
917 2166 945 2203 re
960 2144 1106 2214 familiari,

70 2218 81 2313 ξ
115 2222 137 2278 itt
145 2224 232 2300 repub.
244 2225 418 2279 iucomtnuni
428 2222 604 2294 deniquevira
612 2224 787 2286 conniveant,
808 2221 909 2298 fintque
923 2223 1050 2280 omnibus
1064 2223 1109 2281 hir

70 2334 73 2345 ·
115 2298 137 2353 in
147 2301 219 2357 rebus
233 2299 291 2375 plus
305 2300 392 2355 nimio
407 2301 576 2374 negligentes.
620 2302 692 2358 Hinc
702 2297 843 2356 Thaletem
857 2302 889 2356 ab
902 2299 1023 2359 ancillula
1033 2299 1109 2358 delu-

71 2390 77 2437 ·.’
113 2374 160 2435 sum
171 2380 349 2451 καρπον,
374 2377 445 2450 quod
466 2376 580 2431 etelestes
599 2377 716 2437 ambitui
728 2375 869 2451 explorans
886 2377 914 2433 in
927 2373 1108 2437 fotramcon.

70 2452 72 2457 ’
111 2446 208 2509 ddillet.
247 2450 391 2508 undeillud
407 2469 499 2507 vetus:
528 2450 1032 2528 Qiqnefitntanrepedernonttidee2
1052 2456 1109 2517 curli

70 2554 74 2579 ·.
108 2524 343 2603 [mrerurpleger.
371 2528 606 2601 ’Quinteuelluas
622 2528 762 2584 nonnullas
776 2529 942 2605 prudentiam
958 2526 1055 2585 habete
1066 2529 1108 2587 di·
1195 2554 1198 2559 ·

70 2642 75 2647 -
110 2607 202 2668 timue,
225 2604 268 2661 seu
283 2605 368 2659 mavis
380 2603 514 2677 quandam
529 2602 676 2676 prudentiae
689 2605 849 2678 imaginem.
869 2607 942 2660 Nau·
958 2611 984 2660 δι
1001 2604 1109 2664 nidulos

70 2680 75 2733 i
108 2678 256 2737 admirabili
269 2677 384 2736 artificio
398 2679 491 2736 fututa
503 2678 568 2755 proli
582 2677 785 2737 atcltitediantur
798 2717 807 2743 ,
833 2699 914 2757 quam
927 2678 1022 2736 deinde
1034 2682 1108 2739 alunt

107 2752 252 2813 nlttdibili
264 2756 382 2813 solertia:
403 2756 430 2811 in
439 2753 624 2812 fututasetiam
633 2756 800 2832 tempestates
808 2753 971 2832 prospiciunt
980 2776 1027 2821 ea,
1048 2778 1121 2836 quae·

70 2864 72 2869 ·
107 2827 501 2920 iitoe'ttocellitriaaugtnantur.
540 2835 643 2890 Contra
656 2833 719 2888 nulli
732 2832 877 2890 belluarum
890 2830 1025 2889 scientiam
1040 2835 1111 2891 itro·
1198 2902 1203 2912 ¹

106 2926 222 2983 gamus.
253 2907 325 2985 quod
343 2928 382 2964 trs
396 2907 551 2965 excurrendi
564 2904 774 2985 conficiendique
788 2906 935 2985 syllogismi
950 2911 979 2965 in
995 2910 1066 2967 nulla
1079 2930 1109 2968 a·

106 2982 257 3073 pnoscatur.
297 2986 357 3041 Hor
367 2981 405 3040 est
419 2983 533 3048 scilicet,
553 2985 625 3061 quod
640 3004 696 3040 oon
709 2982 784 3042 facile
796 2988 931 3047 invenias,
940 2986 995 3060 ·qui
1009 2986 1110 3044 aberret

99 3080 132 3125 Ιιιι
147 3063 182 3118 iis
194 3080 256 3137 qnae
267 3058 301 3116 ad
316 3058 451 3118 seientiam
469 3063 609 3135 pertinent.
629 3061 711 3137 Atqui
725 3064 754 3116 in
768 3066 869 3118 tatione
880 3060 1061 3127 subducenda,
1081 3071 1110 3121 dc

106 3136 206 3195 delestu
222 3154 311 3193 rerum
326 3134 526 3197 faciendarum,
547 3137 660 3213 prudens
673 3138 736 3212 l'aepe
746 3134 855 3193 fallitur.
876 3140 908 3195 Et
925 3137 1110 3215 lieetdiligeun

107 3211 395 3274 onnfiliumadhibeat‚
415 3212 442 3268 id
457 3230 548 3269 tamen
562 3233 617 3269 non
632 3213 716 3287 potest
731 3216 860 3270 incertum
873 3232 927 3269 non
939 3207 1002 3277 elle,
1023 3234 1111 3290 quum

109 3286 531 3347 iutebosforruitisadtnoteatut.
551 3289 670 3346 Conslio
680 3309 744 3346 tero
756 3287 862 3346 scientia
873 3290 987 3345 minime
997 3292 1111 3363 indiget,
1123 3322 1126 3327 Δ

107 3364 616 3499 'llll‘t‘l'lllllllll'lllstlssl
630 3358 1112 3518 ‘gimel{illffssailllllll

169 3482 177 3497 ο
510 3474 514 3493 ι
677 3478 686 3505 ,
1101 3482 1112 3494 .

107 3518 147 3573 tir.
165 3537 265 3575 mtrem
273 3518 341 3572 nelli
351 3520 391 3573 rei
403 3515 448 3591 effe
455 3531 622 3592 preterquam
633 3518 734 3592 nerstein
740 3516 898 3595 scelerarem.
936 3518 1053 3596 illudque
1066 3544 1111 3580 ve.

109 3606 146 3647 rur
158 3590 309 3669 frequenter
322 3589 479 3669 usurpamus
498 3614 505 3650 a
532 3596 641 3650 Romani
653 3595 762 3669 sedendo
777 3597 895 3653 uincent.
925 3590 980 3652 'Ob
995 3598 1023 3655 id
1042 3603 1112 3659 reete

70 3694 73 3733 ς
110 3667 206 3725 dislnm
229 3667 302 3727 esta
326 3668 490 3739 maioribus,
524 3673 687 3746 prudentiam
697 3670 807 3749 frateune
823 3691 916 3748 egere,
941 3687 971 3747 ιιι
988 3673 1112 3740 stammam

110 3746 244 3823 aliquande
263 3748 321 3807 otti
340 3744 516 3823 adsequerere
541 3767 617 3825 quum
624 3745 737 3825 stiterit
751 3747 789 3822 fir
807 3748 880 3825 lenge
888 3747 1112 3904 snpreforrnsnent

129 3844 132 3849 ’
755 3840 767 3881 t
789 3840 800 3903 5
1014 3843 1114 3904 porta,
