2490 4500
1035 239 1109 326 265

93 330 240 395 &Cicero
257 348 366 408 qnoque
383 328 413 385 in
426 344 536 387 oratore
555 325 602 385 suo
620 346 815 404 nonnunquam
840 326 933 389 telltlle
955 330 1107 395 confitetur.

109 430 174 469 nem
191 408 209 467 st
224 410 324 465 Caeline
336 406 438 465 imitari
451 402 591 467 voluillet,
621 404 696 461 usum
714 404 839 479 loquendi
853 410 954 484 populo
969 430 999 467 ur
1010 415 1109 471 Cicero

92 430 179 551 dcte,
209 476 390 546 coriceffiffet,
418 481 465 539 fibi
484 501 546 537 vero
568 480 703 537 scientiam
724 480 880 539 rel'ervall'et.
929 504 1069 565 uaptopter
1089 486 1135 547 fi-

92 562 261 621 rnnsnetudo
272 562 310 615 ira
320 560 460 637 loquitur,
490 577 519 616 nt
532 577 580 632 pro
593 557 731 630 prudentia
747 556 896 633 frequenter
909 502 1066 639 dapicntiam
1078 585 1111 621 u.

92 642 203 715 lnrpec,
232 637 351 694 nimium
367 633 458 711 putide
469 634 524 710 ipse
538 632 636 690 studuit
652 634 841 707 proprietatem
853 635 951 703 latini,
978 644 1112 718 graecique

92 714 228 774 llrmnnie
239 709 405 769 conseruare.
427 730 490 767 nam
505 710 576 781 quod
595 714 637 767 Μ.
651 709 787 774 Tullium,
809 710 1111 792 llnllmlinsqnetnaxi-

92 812 151 849 nos
165 786 348 867 philosophos
361 786 501 865 diligenter
513 782 615 843 fortall'e
626 786 738 863 legerit,
765 806 847 861 quam
864 790 911 863 qui
931 795 1052 849 maxime
1067 795 1111 867 ju·

92 866 161 925 licio
184 866 267 923 nobie
286 860 337 920 elle
355 864 453 927 debet,
491 862 563 939 quod
583 863 637 934 jam
659 864 788 917 rationem
810 863 954 938 prudentia·
971 884 1050 943 atque
1069 868 1111 927 sa.

92 948 199 1001 rientia:
215 938 357 1015 aptiffimir
374 936 577 998 definitionibus
595 935 735 1013 crprelstt,
761 958 816 993 non
837 938 921 997 lblum
936 946 964 999 in
979 946 1068 1019 primo
1082 952 1112 1006 dc

92 1020 211 1085 'ecnndo
224 1014 380 1072 officiorum
393 1018 479 1079 libro,
498 1014 634 1071 sedetiam
649 1016 677 1069 in
685 1032 780 1087 qunrro
787 1012 917 1073 Tul'c.sed
925 1036 1015 1076 tamen
1022 1019 1111 1081 ullen-

91 1096 152 1155 lam
165 1099 214 1151 Μ.
224 1093 301 1149 Tull.
313 1094 342 1149 in
349 1111 383 1149 eo
395 1100 422 1151 dt
437 1090 572 1148 nonnullis
583 1092 642 1147 aliis
655 1091 719 1147 locis
732 1108 872 1165 utramque
885 1096 922 1151 ita
936 1092 1109 1167 ennjunxill'e³

91 1172 219 1229 utnulla
240 1164 394 1225 conlufioue
414 1170 582 1244 perturbaeit.
618 1186 678 1223 eum
692 1166 766 1221 enirn
781 1170 915 1243 propriam
929 1164 978 1228 elle
990 1172 1112 1235 hominis

91 1246 284 1305 rosnill'erveri
293 1242 495 1320 inqnifitiunem
505 1238 841 1319 arqueinuelligationem,
862 1242 1028 1305 existimavit
1041 1248 1112 1316 hanc

91 1326 238 1381 veritatem
260 1340 314 1377 non
333 1321 362 1377 in
383 1322 462 1379 rebus
481 1320 608 1379 humanis
620 1336 724 1375 tuntum
737 1338 795 1391 qun
806 1321 834 1375 iu
847 1318 945 1379 nostris
957 1324 1109 1385 aelionibua

91 1398 235 1459 tersanrnr
249 1434 259 1461 ι
278 1394 320 1453 sed
334 1398 416 1455 etiarn
431 1400 460 1453 in
472 1414 564 1451 earum
578 1414 666 1451 rerum
683 1394 791 1453 seientia
805 1432 815 1461 ,
840 1415 898 1473 quc
911 1398 971 1456 sunt
983 1400 1111 1460 occultio-

91 1491 152 1541 ια,
175 1482 205 1533 dt
223 1474 313 1553 magia
325 1474 354 1529 ιιι
369 1490 463 1531 natura
474 1472 529 1548 ipl'a
543 1471 693 1529 reconditor.
732 1491 793 1527 curn
809 1490 897 1529 autern
911 1478 1110 1551 utraqueinda·

91 1554 168 1629 pario
186 1550 224 1609 ad
246 1552 342 1607 mentia
357 1546 454 1607 nostra:
463 1546 631 1625 sagacitatem
644 1548 787 1621 pertineat,
807 1550 862 1620 jure
869 1548 1110 1631 honrinisell‘epro·

91 1624 181 1703 ¹prium
195 1622 376 1683 existimarit.
401 1632 427 1683 dt
440 1626 564 1699 quamvis
576 1623 732 1701 prudentem
749 1626 835 1682 virum
850 1622 946 1685 statuat
960 1648 1041 1695 eum,
1063 1634 1112 1707 qui

91 1704 120 1761 fit
131 1698 283 1779 utriusque
292 1702 457 1780 cognitionis
468 1719 580 1776 compos
595 1736 603 1765 ,
631 1719 686 1755 ιιοιι
699 1718 788 1757 tamen
800 1720 845 1757 eas
856 1703 892 1759 ita
905 1708 1060 1779 permiscet,
1082 1727 1112 1767 ut

90 1780 166 1839 idem
185 1776 241 1835 elle
256 1778 332 1841 velit,
352 1777 396 1834 sed
407 1776 529 1853 pendenti
545 1778 603 1833 viro
615 1776 723 1839 tribuit,
746 1794 1016 1853 utramquepartem.
1035 1782 1110 1859 quod

90 1876 118 1913 nr
132 1854 308 1929 intelligatur
318 1872 380 1912 cum
394 1853 580 1931 dependentia
594 1852 743 1923 loqueretur
754 1853 814 1915 ait,
843 1856 872 1907 in
887 1874 940 1931 qun
951 1852 1110 1932 sapientiam

90 1930 456 2009 &prudentiamponimum
475 1926 703 2002 inestindagatio,
728 1930 938 2003 atqueiuveutio
951 1934 1023 1997 veri,
1042 1934 1110 2007 ejus-

90 2026 143 2085 que
156 2008 270 2063 virentia
282 2002 332 2062 ltoc
343 2024 441 2063 munus
451 2002 490 2061 est
502 2006 652 2082 proprium.
687 2004 828 2079 er‘quibus
840 2006 975 2081 prudentis
987 2010 1037 2065 viti
1067 2031 1110 2067 ar,

90 2078 193 2141 tescll'e
203 2079 280 2157 quali
294 2080 359 2139 duas
369 2079 510 2144 ostendit,
542 2082 723 2155 alteramque:
736 2098 836 2135 nomen
852 2084 967 2146 retinet,
993 2030 1110 2159 pruden-

90 2162 149 2217 tia:
172 2159 304 2220 alteram,
323 2177 381 2231 (μιν,
397 2156 523 2231 ίιιριιιιιιιι
537 2172 724 2229 nuncupatur,
757 2174 785 2212 ut
798 2158 827 2213 in
841 2159 984 2233 partitione
1002 2158 1109 2231 justitia

90 2242 119 2293 dt
133 2232 306 2293 fortitudinis
317 2235 387 2289 idern
403 2232 475 2289 lecit.
514 2252 576 2287 nam
592 2232 662 2287 illius
676 2233 792 2306 primam
805 2252 905 2309 partem
919 2230 1046 2307 justitiam
1061 2258 1108 2315 ap-

90 2312 189 2387 pellat,
212 2308 396 2367 liberalitatem
413 2330 492 2375 veto,
510 2308 552 2366 seu
566 2304 766 2365 beneficentiam
782 2306 934 2369 secundam.
955 2316 983 2371 in
1001 2312 1049 2370 hac
1060 2334 1108 2373 att·

90 2404 147 2445 tem
160 2384 353 2445 fortitudinem
370 2388 505 2457 primatu,
526 2393 551 2441 δι
566 2386 673 2440 alterum
688 2386 842 2458 patientiam
859 2388 1021 2447 nominavit.
1045 2393 1108 2468 quie

90 2466 208 2521 miretur
230 2462 240 2517 i
262 2464 312 2517 itur
331 2459 348 2518 fi
369 2461 440 2517 idem
463 2463 485 2517 is
499 2459 588 2517 fecerit
601 2463 628 2515 in
642 2458 828 2517 distributione
842 2463 1009 2537 prudentie?
1035 2466 1106 2525 hunc

90 2558 183 2598 nutem
202 2480 279 2595 fitill'c
292 2540 429 2593 Ciceronis
442 2536 544 2593 sensum
560 2539 588 2592 in
602 2536 697 2593 eodeni
709 2534 862 2595 officiorum
871 2540 958 2603 libro,
979 2548 1004 2597 dt
1020 2544 1048 2597 in
1061 2563 1107 2599 eo-

89 2616 152 2673 dem
170 2612 229 2673 lere
243 2614 302 2669 loco
317 2613 418 2669 videtur
432 2612 582 2676 declarare,
609 2613 652 2667 ubi
670 2615 718 2667 ait.
755 2632 786 2673 ex
806 2631 1012 2687 quartinonum
1028 2620 1104 2683 locis,

89 2696 120 2749 ιιι
133 2712 201 2767 qnos
212 2688 308 2763 lunelli
317 2704 439 2747 natarum
456 2726 465 2753 ,
490 2691 594 2763 ‘uimque
610 2689 762 2763 alivifinrnr.
787 2697 884 2764 prinus
895 2690 936 2749 ille
947 2696 993 2769 qni
1005 2697 1033 2749 in
1047 2698 1106 2755 ueri

89 2772 240 2845 cognitione
248 2764 357 2839 confidit
371 2802 381 2829 ,
404 2768 515 2822 maxime
527 2780 647 2821 naturam
658 2768 764 2840 attingit
775 2766 909 2823 humanum
921 2808 929 2831 ‚
955 2788 1010 2843 qne
1021 2776 1106 2846 cogni,

89 2850 126 2903 rio
141 2848 184 2901 ad
191 2842 287 2917 studia
305 2862 393 2897 reram
410 2840 571 2904 obliterarum
588 2843 721 2913 pertinet,
753 2856 781 2896 ur
791 2862 823 2898 ex
837 2846 908 2899 illius
918 2848 1034 2919 exemplis
1046 2868 1105 2905 ton,

89 2921 140 2978 llas
155 2958 167 2985 ,
190 2921 286 2995 quibus
301 2918 408 2993 ostenrtlr
423 2919 473 2975 illa
490 2920 538 2975 dur
549 2919 618 2973 vitiu
631 2920 658 2972 in
669 2936 694 2971 er
703 2937 795 2991 genere
807 2924 917 2976 vitanda
931 2920 997 2995 effe,
1028 2943 1104 2985 unum

89 3016 119 3054 tre
135 2998 273 3071 incognita
287 3010 336 3069 pro
356 2998 462 3069 cognitis
475 2996 627 3056 doleantur,
654 2996 761 3047 alterurn
783 3014 813 3048 ne
833 3000 908 3050 nimis
919 2988 1036 3073 magnum
1044 2998 1104 3073 flu-

89 3078 157 3129 diotre
177 3075 311 3145 inutraque
330 3084 405 3144 opera
422 3075 452 3127 ιιι
472 3090 511 3125 res
529 3068 646 3144 obscuras
665 3106 674 3130 ,
712 3083 788 3143 atque
806 3071 919 3147 difficiles
939 3072 1105 3148 cntrseramrrr.

89 3148 129 3205 scd
149 3168 209 3205 non
232 3148 269 3201 itu
288 3146 374 3203 multo
391 3164 453 3203 ante
471 3146 500 3201 in
517 3144 565 3201 liae
576 3149 667 3201 eadem
682 3145 858 3219 explicatione
868 3154 1012 3224 prudentie,
1021 3154 1106 3224 cogni*

89 3228 183 3281 tionem
195 3224 288 3295 inquit
302 3242 387 3277 rerum
398 3238 445 3277 arn
459 3224 612 3277 occultarum
626 3234 673 3277 nne
687 3226 880 3279 admirabilium
893 3230 931 3279 ad
941 3230 1019 3288 leue,
1044 3230 1104 3282 lea*

88 3302 321 3373 requerendum
338 3296 499 3373 necefferiam
518 3302 639 3354 ducimus.
678 3300 802 3355 l’rareren
821 3296 838 3355 fi
860 3302 988 3375 sapientia
1006 3298 1044 3359 est
1063 3322 1106 3363 req

88 3392 149 3431 rum
163 3374 347 3433 humanarum
361 3392 440 3448 atquc
452 3372 604 3431 divinarum
618 3374 746 3437 scientia,
784 3374 910 3433 rudentiae
928 3396 1014 3454 patres
1030 3382 1058 3435 in
1072 3398 1105 3439 ea

88 3454 273 3508 continentur.
314 3468 376 3505 uare
388 3449 490 3526 sapient
503 3451 557 3517 jure
570 3450 684 3525 prudent
697 3394 821 3525 appellari
834 3452 929 3527 poelt.
969 3472 1033 3512 num
1049 3455 1103 3531 igi-

88 3526 162 3583 turli
175 3470 331 3601 utraquelr
344 3528 373 3581 in
389 3546 444 3584 uno
454 3524 564 3583 facultas
581 3562 589 3587 ,
617 3522 715 3582 divisus
728 3528 778 3582 etit
789 3526 911 3603 sapiens?
932 3550 977 3589 aut
987 3526 1103 3595 confuse⁴

88 3596 248 3659 facultates?
266 3622 298 3657 ex
315 3600 357 3657 liis
372 3598 404 3657 lit
419 3639 427 3665 ,
454 3622 482 3659 ur
496 3604 592 3658 Cicero
604 3602 771 3676 prudentiam
788 3622 983 3685 nonnunquam
998 3606 1102 3681 sapien·

90 3678 299 3753 tramappeller,
331 3696 361 3734 ttt
375 3681 403 3733 in
418 3678 624 3753 partitionibus:
651 3674 694 3751 1ss
706 3680 913 3755 igitrrrinquit,
938 3685 1104 3743 uisuirrutir

94 3754 181 3837 duplex
194 3758 317 3821 anteana
327 3752 436 3829 scientia
450 3754 683 3819 cernituruirrrrs,
711 3768 758 3811 nur
776 3755 885 3817 anione.
922 3774 1104 3891 natnqchrm

739 3848 752 3891 t
778 3852 789 3906 5
1017 3846 1104 3893 cntra.
