<?xml version="1.0" encoding="UTF-8"?>
<!DOCTYPE html PUBLIC "-//W3C//DTD XHTML 1.0 Transitional//EN"
    "http://www.w3.org/TR/xhtml1/DTD/xhtml1-transitional.dtd">
<html xmlns="http://www.w3.org/1999/xhtml" xml:lang="en" lang="en">
 <head>
  <title>
</title>
<meta http-equiv="Content-Type" content="text/html;charset=utf-8" />
  <meta name='ocr-system' content='tesseract 3.04.00' />
  <meta name='ocr-capabilities' content='ocr_page ocr_carea ocr_par ocr_line ocrx_word'/>
</head>
<body>
  <div class='ocr_page' id='page_1' title='image "./deofficiislibri00cicegoog_0376.png"; bbox 0 0 2490 4500; ppageno 0'>
   <div class='ocr_carea' id='block_1_1' title="bbox 81 256 1099 3170">
    <p class='ocr_par' dir='ltr' id='par_1_1' title="bbox 82 256 1040 810">
     <span class='ocr_line' id='line_1_1' title="bbox 82 256 1040 432; baseline -0.011 -17"><span class='ocrx_word' id='word_1_1' title='bbox 82 342 163 415; x_wconf 73' lang='lat' dir='ltr'>rediit¹</span> <span class='ocrx_word' id='word_1_2' title='bbox 174 346 305 413; x_wconf 75' lang='lat' dir='ltr'>nacunle.</span> <span class='ocrx_word' id='word_1_3' title='bbox 326 356 426 432; x_wconf 75' lang='lat' dir='ltr'>aequis</span> <span class='ocrx_word' id='word_1_4' title='bbox 439 352 491 412; x_wconf 89' lang='lat' dir='ltr'>hoc</span> <span class='ocrx_word' id='word_1_5' title='bbox 502 350 594 411; x_wconf 78' lang='lat' dir='ltr'>audeat</span> <span class='ocrx_word' id='word_1_6' title='bbox 606 347 760 411; x_wconf 78' lang='lat' dir='ltr'>affirmare?</span> <span class='ocrx_word' id='word_1_7' title='bbox 781 368 847 431; x_wconf 83' lang='lat' dir='ltr'>ergo</span> <span class='ocrx_word' id='word_1_8' title='bbox 859 256 1040 408; x_wconf 72' lang='lat' dir='ltr'>adlicstreslrn·3</span> 
     </span>
     <span class='ocr_line' id='line_1_2' title="bbox 82 425 1037 509; baseline -0.007 -18"><span class='ocrx_word' id='word_1_9' title='bbox 82 454 99 491; x_wconf 73' lang='lat' dir='ltr'>a</span> <span class='ocrx_word' id='word_1_10' title='bbox 113 470 122 497; x_wconf 95' lang='lat'>,</span> <span class='ocrx_word' id='word_1_11' title='bbox 152 450 214 509; x_wconf 76' lang='lat' dir='ltr'>qua</span> <span class='ocrx_word' id='word_1_12' title='bbox 228 432 409 491; x_wconf 82' lang='lat' dir='ltr'>consentaneae</span> <span class='ocrx_word' id='word_1_13' title='bbox 423 431 482 488; x_wconf 88' lang='lat' dir='ltr'>sunt</span> <span class='ocrx_word' id='word_1_14' title='bbox 495 446 615 495; x_wconf 77' lang='lat' dir='ltr'>natura,</span> <span class='ocrx_word' id='word_1_15' title='bbox 641 448 689 486; x_wconf 88' lang='lat' dir='ltr'>nec</span> <span class='ocrx_word' id='word_1_16' title='bbox 699 428 809 494; x_wconf 89' lang='lat' dir='ltr'>studio,</span> <span class='ocrx_word' id='word_1_17' title='bbox 834 446 883 484; x_wconf 90' lang='lat' dir='ltr'>nec</span> <span class='ocrx_word' id='word_1_18' title='bbox 892 425 1037 503; x_wconf 68' lang='lat' dir='ltr'>prudentia</span> 
     </span>
     <span class='ocr_line' id='line_1_3' title="bbox 82 500 1039 583; baseline -0.005 -18"><span class='ocrx_word' id='word_1_19' title='bbox 82 528 118 567; x_wconf 78' lang='lat' dir='ltr'>rar</span> <span class='ocrx_word' id='word_1_20' title='bbox 130 506 225 565; x_wconf 87' lang='lat' dir='ltr'>forent</span> <span class='ocrx_word' id='word_1_21' title='bbox 238 505 425 571; x_wconf 75' lang='lat' dir='ltr'>adscribenda.</span> <span class='ocrx_word' id='word_1_22' title='bbox 456 524 482 563; x_wconf 83' lang='lat' dir='ltr'>ar</span> <span class='ocrx_word' id='word_1_23' title='bbox 496 524 590 562; x_wconf 89' lang='lat' dir='ltr'>natura</span> <span class='ocrx_word' id='word_1_24' title='bbox 602 504 629 562; x_wconf 91' lang='lat' dir='ltr'>id</span> <span class='ocrx_word' id='word_1_25' title='bbox 642 510 759 582; x_wconf 87' lang='lat' dir='ltr'>appetit,</span> <span class='ocrx_word' id='word_1_26' title='bbox 778 504 852 583; x_wconf 88' lang='lat' dir='ltr'>qnod</span> <span class='ocrx_word' id='word_1_27' title='bbox 865 502 912 561; x_wconf 87' lang='lat' dir='ltr'>fibi</span> <span class='ocrx_word' id='word_1_28' title='bbox 923 500 963 559; x_wconf 89' lang='lat' dir='ltr'>est</span> <span class='ocrx_word' id='word_1_29' title='bbox 973 522 1039 560; x_wconf 88' lang='lat' dir='ltr'>con·-</span> 
     </span>
     <span class='ocr_line' id='line_1_4' title="bbox 82 578 1038 659; baseline -0.003 -18"><span class='ocrx_word' id='word_1_30' title='bbox 82 604 182 642; x_wconf 84' lang='lat' dir='ltr'>rneum</span> <span class='ocrx_word' id='word_1_31' title='bbox 198 622 207 649; x_wconf 91' lang='lat'>,</span> <span class='ocrx_word' id='word_1_32' title='bbox 236 585 307 659; x_wconf 91' lang='lat' dir='ltr'>quod</span> <span class='ocrx_word' id='word_1_33' title='bbox 321 603 409 641; x_wconf 89' lang='lat' dir='ltr'>autem</span> <span class='ocrx_word' id='word_1_34' title='bbox 422 580 460 640; x_wconf 86' lang='lat' dir='ltr'>est</span> <span class='ocrx_word' id='word_1_35' title='bbox 473 578 663 639; x_wconf 81' lang='lat' dir='ltr'>dissentaneum</span> <span class='ocrx_word' id='word_1_36' title='bbox 676 580 830 659; x_wconf 79' lang='lat' dir='ltr'>aspernatur</span> <span class='ocrx_word' id='word_1_37' title='bbox 844 614 854 646; x_wconf 84' lang='lat'>,</span> <span class='ocrx_word' id='word_1_38' title='bbox 879 582 980 657; x_wconf 81' lang='lat' dir='ltr'>appetit</span> <span class='ocrx_word' id='word_1_39' title='bbox 989 599 1038 638; x_wconf 87' lang='lat' dir='ltr'>au·</span> 
     </span>
     <span class='ocr_line' id='line_1_5' title="bbox 84 656 1038 739; baseline -0.001 -22"><span class='ocrx_word' id='word_1_40' title='bbox 84 658 223 723; x_wconf 88' lang='lat' dir='ltr'>honesta,</span> <span class='ocrx_word' id='word_1_41' title='bbox 246 659 436 739; x_wconf 83' lang='lat' dir='ltr'>&amp;aspernatur</span> <span class='ocrx_word' id='word_1_42' title='bbox 450 659 593 716; x_wconf 86' lang='lat' dir='ltr'>contraria.</span> <span class='ocrx_word' id='word_1_43' title='bbox 631 677 697 735; x_wconf 82' lang='lat' dir='ltr'>ergo</span> <span class='ocrx_word' id='word_1_44' title='bbox 711 660 766 718; x_wconf 74' lang='lat' dir='ltr'>hac</span> <span class='ocrx_word' id='word_1_45' title='bbox 777 676 870 716; x_wconf 85' lang='lat' dir='ltr'>contra</span> <span class='ocrx_word' id='word_1_46' title='bbox 882 694 891 722; x_wconf 91' lang='lat'>,</span> <span class='ocrx_word' id='word_1_47' title='bbox 910 656 954 713; x_wconf 82' lang='lat' dir='ltr'>illa</span> <span class='ocrx_word' id='word_1_48' title='bbox 972 674 1038 715; x_wconf 79' lang='lat' dir='ltr'>veto</span> 
     </span>
     <span class='ocr_line' id='line_1_6' title="bbox 82 733 1037 810; baseline -0.006 -18"><span class='ocrx_word' id='word_1_49' title='bbox 82 738 171 794; x_wconf 82' lang='lat' dir='ltr'>ndum</span> <span class='ocrx_word' id='word_1_50' title='bbox 186 756 309 793; x_wconf 85' lang='lat' dir='ltr'>naturam</span> <span class='ocrx_word' id='word_1_51' title='bbox 324 739 400 799; x_wconf 87' lang='lat' dir='ltr'>sunt,</span> <span class='ocrx_word' id='word_1_52' title='bbox 422 756 477 792; x_wconf 90' lang='lat' dir='ltr'>non</span> <span class='ocrx_word' id='word_1_53' title='bbox 491 753 580 790; x_wconf 89' lang='lat' dir='ltr'>tamen</span> <span class='ocrx_word' id='word_1_54' title='bbox 594 737 734 792; x_wconf 80' lang='lat' dir='ltr'>naturalia.</span> <span class='ocrx_word' id='word_1_55' title='bbox 767 736 813 791; x_wconf 85' lang='lat' dir='ltr'>Sed</span> <span class='ocrx_word' id='word_1_56' title='bbox 826 736 880 807; x_wconf 81' lang='lat' dir='ltr'>jam</span> <span class='ocrx_word' id='word_1_57' title='bbox 893 753 933 790; x_wconf 88' lang='lat' dir='ltr'>res</span> <span class='ocrx_word' id='word_1_58' title='bbox 946 733 1037 810; x_wconf 76' lang='lat' dir='ltr'>posin.</span> 
     </span>
    </p>

    <p class='ocr_par' dir='ltr' id='par_1_2' title="bbox 81 809 1099 3170">
     <span class='ocr_line' id='line_1_7' title="bbox 105 809 1035 886; baseline -0.004 -17"><span class='ocrx_word' id='word_1_59' title='bbox 105 831 139 869; x_wconf 91' lang='lat' dir='ltr'>ut</span> <span class='ocrx_word' id='word_1_60' title='bbox 161 831 261 886; x_wconf 89' lang='lat' dir='ltr'>quanta</span> <span class='ocrx_word' id='word_1_61' title='bbox 279 812 309 869; x_wconf 84' lang='lat' dir='ltr'>fit</span> <span class='ocrx_word' id='word_1_62' title='bbox 321 815 349 869; x_wconf 93' lang='lat' dir='ltr'>in</span> <span class='ocrx_word' id='word_1_63' title='bbox 366 813 413 868; x_wconf 90' lang='lat' dir='ltr'>hac</span> <span class='ocrx_word' id='word_1_64' title='bbox 426 815 528 868; x_wconf 89' lang='lat' dir='ltr'>ratione</span> <span class='ocrx_word' id='word_1_65' title='bbox 540 812 668 868; x_wconf 86' lang='lat' dir='ltr'>virtutum</span> <span class='ocrx_word' id='word_1_66' title='bbox 680 810 815 868; x_wconf 85' lang='lat' dir='ltr'>consenfio</span> <span class='ocrx_word' id='word_1_67' title='bbox 832 815 900 866; x_wconf 87' lang='lat' dir='ltr'>inter</span> <span class='ocrx_word' id='word_1_68' title='bbox 914 809 995 869; x_wconf 84' lang='lat' dir='ltr'>Arist.</span> <span class='ocrx_word' id='word_1_69' title='bbox 1008 825 1035 874; x_wconf 69' lang='grc' dir='ltr'><strong>α</strong></span> 
     </span>
     <span class='ocr_line' id='line_1_8' title="bbox 82 884 1035 966; baseline -0.001 -19"><span class='ocrx_word' id='word_1_70' title='bbox 82 908 150 947; x_wconf 90' lang='lat' dir='ltr'>cum</span> <span class='ocrx_word' id='word_1_71' title='bbox 166 888 289 946; x_wconf 86' lang='lat' dir='ltr'>Tullium</span> <span class='ocrx_word' id='word_1_72' title='bbox 303 890 452 946; x_wconf 81' lang='lat' dir='ltr'>videamus.</span> <span class='ocrx_word' id='word_1_73' title='bbox 483 889 512 942; x_wconf 93' lang='lat' dir='ltr'>in</span> <span class='ocrx_word' id='word_1_74' title='bbox 526 885 601 943; x_wconf 80' lang='lat' dir='ltr'>sexto</span> <span class='ocrx_word' id='word_1_75' title='bbox 613 890 695 966; x_wconf 84' lang='lat' dir='ltr'>igitur</span> <span class='ocrx_word' id='word_1_76' title='bbox 708 887 780 945; x_wconf 85' lang='lat' dir='ltr'>Echi.</span> <span class='ocrx_word' id='word_1_77' title='bbox 796 889 879 943; x_wconf 84' lang='lat' dir='ltr'>Arist.</span> <span class='ocrx_word' id='word_1_78' title='bbox 891 884 1035 950; x_wconf 81' lang='lat' dir='ltr'>confirmas</span> 
     </span>
     <span class='ocr_line' id='line_1_9' title="bbox 82 962 1034 1041; baseline 0.001 -21"><span class='ocrx_word' id='word_1_79' title='bbox 82 980 133 1021; x_wconf 77' lang='lat' dir='ltr'>raes</span> <span class='ocrx_word' id='word_1_80' title='bbox 145 962 195 1041; x_wconf 80' lang='lat' dir='ltr'>effi</span> <span class='ocrx_word' id='word_1_81' title='bbox 205 967 356 1030; x_wconf 77' lang='lat' dir='ltr'>naturales,</span> <span class='ocrx_word' id='word_1_82' title='bbox 383 967 414 1027; x_wconf 65' lang='lat' dir='ltr'>ds</span> <span class='ocrx_word' id='word_1_83' title='bbox 426 968 566 1040; x_wconf 79' lang='lat' dir='ltr'>proprias,</span> <span class='ocrx_word' id='word_1_84' title='bbox 592 965 723 1020; x_wconf 85' lang='lat' dir='ltr'>naturales</span> <span class='ocrx_word' id='word_1_85' title='bbox 741 964 849 1040; x_wconf 86' lang='lat' dir='ltr'>quidem</span> <span class='ocrx_word' id='word_1_86' title='bbox 867 963 992 1040; x_wconf 76' lang='lat' dir='ltr'>intelligit</span> <span class='ocrx_word' id='word_1_87' title='bbox 1006 976 1034 1026; x_wconf 73' lang='grc' dir='ltr'>ει</span> 
     </span>
     <span class='ocr_line' id='line_1_10' title="bbox 86 1037 1034 1119; baseline 0 -22"><span class='ocrx_word' id='word_1_88' title='bbox 86 1044 151 1097; x_wconf 87' lang='lat' dir='ltr'>inat</span> <span class='ocrx_word' id='word_1_89' title='bbox 166 1041 313 1097; x_wconf 82' lang='lat' dir='ltr'>habilitates</span> <span class='ocrx_word' id='word_1_90' title='bbox 328 1037 456 1118; x_wconf 85' lang='lat' dir='ltr'>quasdam</span> <span class='ocrx_word' id='word_1_91' title='bbox 474 1077 482 1105; x_wconf 98' lang='lat'>,</span> <span class='ocrx_word' id='word_1_92' title='bbox 509 1046 537 1097; x_wconf 76' lang='lat' dir='ltr'>dc</span> <span class='ocrx_word' id='word_1_93' title='bbox 550 1039 733 1115; x_wconf 70' lang='lat' dir='ltr'>aptitudines,</span> <span class='ocrx_word' id='word_1_94' title='bbox 760 1047 786 1098; x_wconf 80' lang='grc' dir='ltr'>δι</span> <span class='ocrx_word' id='word_1_95' title='bbox 801 1039 904 1097; x_wconf 87' lang='lat' dir='ltr'>habitus</span> <span class='ocrx_word' id='word_1_96' title='bbox 917 1040 1034 1119; x_wconf 73' lang='lat' dir='ltr'>denique</span> 
     </span>
     <span class='ocr_line' id='line_1_11' title="bbox 82 1115 1034 1194; baseline 0.001 -20"><span class='ocrx_word' id='word_1_97' title='bbox 82 1119 178 1174; x_wconf 87' lang='lat' dir='ltr'>tales:</span> <span class='ocrx_word' id='word_1_98' title='bbox 203 1119 322 1192; x_wconf 87' lang='lat' dir='ltr'>proprias</span> <span class='ocrx_word' id='word_1_99' title='bbox 341 1136 403 1173; x_wconf 79' lang='lat' dir='ltr'>sero</span> <span class='ocrx_word' id='word_1_100' title='bbox 421 1134 487 1191; x_wconf 84' lang='lat' dir='ltr'>quas</span> <span class='ocrx_word' id='word_1_101' title='bbox 505 1115 583 1172; x_wconf 85' lang='lat' dir='ltr'>nobis</span> <span class='ocrx_word' id='word_1_102' title='bbox 596 1115 642 1172; x_wconf 93' lang='lat' dir='ltr'>usu</span> <span class='ocrx_word' id='word_1_103' title='bbox 656 1122 684 1173; x_wconf 74' lang='lat' dir='ltr'>dc</span> <span class='ocrx_word' id='word_1_104' title='bbox 696 1116 1034 1194; x_wconf 62' lang='lat' dir='ltr'>consuetudinecom&#39;pataa</span> 
     </span>
     <span class='ocr_line' id='line_1_12' title="bbox 82 1189 1034 1254; baseline 0.005 -5"><span class='ocrx_word' id='word_1_105' title='bbox 82 1234 90 1249; x_wconf 93' lang='lat'>.</span> <span class='ocrx_word' id='word_1_106' title='bbox 111 1197 215 1250; x_wconf 85' lang='lat' dir='ltr'>Cicero</span> <span class='ocrx_word' id='word_1_107' title='bbox 228 1212 291 1248; x_wconf 85' lang='lat' dir='ltr'>vero</span> <span class='ocrx_word' id='word_1_108' title='bbox 308 1191 357 1248; x_wconf 91' lang='lat' dir='ltr'>hac</span> <span class='ocrx_word' id='word_1_109' title='bbox 369 1191 460 1248; x_wconf 87' lang='lat' dir='ltr'>eadem</span> <span class='ocrx_word' id='word_1_110' title='bbox 474 1189 515 1248; x_wconf 90' lang='lat' dir='ltr'>sed</span> <span class='ocrx_word' id='word_1_111' title='bbox 523 1210 579 1248; x_wconf 91' lang='lat' dir='ltr'>non</span> <span class='ocrx_word' id='word_1_112' title='bbox 589 1189 681 1248; x_wconf 87' lang='lat' dir='ltr'>iisdem</span> <span class='ocrx_word' id='word_1_113' title='bbox 689 1190 957 1251; x_wconf 85' lang='lat' dir='ltr'>nominibususuaest</span> <span class='ocrx_word' id='word_1_114' title='bbox 964 1195 1034 1254; x_wconf 79' lang='lat' dir='ltr'>disi·</span> 
     </span>
     <span class='ocr_line' id='line_1_13' title="bbox 82 1264 1034 1345; baseline 0.006 -20"><span class='ocrx_word' id='word_1_115' title='bbox 82 1288 105 1325; x_wconf 76' lang='lat' dir='ltr'>e:</span> <span class='ocrx_word' id='word_1_116' title='bbox 129 1271 161 1325; x_wconf 88' lang='lat' dir='ltr'>in</span> <span class='ocrx_word' id='word_1_117' title='bbox 172 1286 270 1345; x_wconf 89' lang='lat' dir='ltr'>quarto</span> <span class='ocrx_word' id='word_1_118' title='bbox 279 1271 352 1325; x_wconf 87' lang='lat' dir='ltr'>enirn</span> <span class='ocrx_word' id='word_1_119' title='bbox 368 1275 394 1325; x_wconf 76' lang='lat' dir='ltr'>dc</span> <span class='ocrx_word' id='word_1_120' title='bbox 406 1270 502 1343; x_wconf 86' lang='lat' dir='ltr'>quinto</span> <span class='ocrx_word' id='word_1_121' title='bbox 515 1268 549 1324; x_wconf 85' lang='lat' dir='ltr'>de</span> <span class='ocrx_word' id='word_1_122' title='bbox 563 1264 612 1324; x_wconf 84' lang='lat' dir='ltr'>fin.</span> <span class='ocrx_word' id='word_1_123' title='bbox 629 1284 694 1343; x_wconf 86' lang='lat' dir='ltr'>quas</span> <span class='ocrx_word' id='word_1_124' title='bbox 706 1268 836 1326; x_wconf 82' lang='lat' dir='ltr'>naturales</span> <span class='ocrx_word' id='word_1_125' title='bbox 848 1286 926 1327; x_wconf 79' lang='lat' dir='ltr'>vocat</span> <span class='ocrx_word' id='word_1_126' title='bbox 938 1275 986 1326; x_wconf 79' lang='lat' dir='ltr'>Ar.</span> <span class='ocrx_word' id='word_1_127' title='bbox 998 1292 1034 1330; x_wconf 84' lang='lat' dir='ltr'>ex</span> 
     </span>
     <span class='ocr_line' id='line_1_14' title="bbox 81 1342 1034 1419; baseline 0.003 -19"><span class='ocrx_word' id='word_1_128' title='bbox 81 1347 154 1402; x_wconf 74' lang='lat' dir='ltr'>entia</span> <span class='ocrx_word' id='word_1_129' title='bbox 172 1345 290 1401; x_wconf 86' lang='lat' dir='ltr'>Platonis</span> <span class='ocrx_word' id='word_1_130' title='bbox 307 1344 459 1401; x_wconf 88' lang='lat' dir='ltr'>auditorum</span> <span class='ocrx_word' id='word_1_131' title='bbox 478 1381 486 1406; x_wconf 87' lang='lat'>,</span> <span class='ocrx_word' id='word_1_132' title='bbox 512 1345 581 1400; x_wconf 90' lang='lat' dir='ltr'>inrcr</span> <span class='ocrx_word' id='word_1_133' title='bbox 595 1362 664 1419; x_wconf 86' lang='lat' dir='ltr'>quos</span> <span class='ocrx_word' id='word_1_134' title='bbox 677 1347 801 1401; x_wconf 86' lang='lat' dir='ltr'>nominat</span> <span class='ocrx_word' id='word_1_135' title='bbox 815 1342 982 1403; x_wconf 84' lang='lat' dir='ltr'>Aristotelem</span> <span class='ocrx_word' id='word_1_136' title='bbox 995 1351 1034 1407; x_wconf 70' lang='lat' dir='ltr'>sa·</span> 
     </span>
     <span class='ocr_line' id='line_1_15' title="bbox 82 1419 1034 1502; baseline 0.004 -25"><span class='ocrx_word' id='word_1_137' title='bbox 82 1423 238 1477; x_wconf 76' lang='lat' dir='ltr'>uirtutum</span> <span class='ocrx_word' id='word_1_138' title='bbox 255 1422 377 1496; x_wconf 87' lang='lat' dir='ltr'>appellat.</span> <span class='ocrx_word' id='word_1_139' title='bbox 392 1421 424 1476; x_wconf 86' lang='lat' dir='ltr'>de</span> <span class='ocrx_word' id='word_1_140' title='bbox 436 1420 489 1498; x_wconf 86' lang='lat' dir='ltr'>leg.</span> <span class='ocrx_word' id='word_1_141' title='bbox 501 1439 579 1484; x_wconf 84' lang='lat' dir='ltr'>sero,</span> <span class='ocrx_word' id='word_1_142' title='bbox 599 1427 625 1476; x_wconf 78' lang='grc' dir='ltr'>δι</span> <span class='ocrx_word' id='word_1_143' title='bbox 640 1422 669 1476; x_wconf 91' lang='lat' dir='ltr'>in</span> <span class='ocrx_word' id='word_1_144' title='bbox 679 1420 789 1477; x_wconf 81' lang='lat' dir='ltr'>Tuscus.</span> <span class='ocrx_word' id='word_1_145' title='bbox 802 1419 945 1495; x_wconf 80' lang='lat' dir='ltr'>quaestion.</span> <span class='ocrx_word' id='word_1_146' title='bbox 960 1426 1034 1502; x_wconf 58' lang='lat' dir='ltr'>ignia</span> 
     </span>
     <span class='ocr_line' id='line_1_16' title="bbox 82 1495 1033 1573; baseline 0.004 -20"><span class='ocrx_word' id='word_1_147' title='bbox 82 1518 107 1559; x_wconf 80' lang='lat' dir='ltr'>r,</span> <span class='ocrx_word' id='word_1_148' title='bbox 130 1510 164 1553; x_wconf 84' lang='lat' dir='ltr'>ae</span> <span class='ocrx_word' id='word_1_149' title='bbox 179 1495 265 1552; x_wconf 85' lang='lat' dir='ltr'>molto</span> <span class='ocrx_word' id='word_1_150' title='bbox 275 1496 375 1554; x_wconf 87' lang='lat' dir='ltr'>antede</span> <span class='ocrx_word' id='word_1_151' title='bbox 388 1497 1033 1573; x_wconf 79' lang='lat' dir='ltr'>lnn.libroprimonominasitopportnnicatem,</span> 
     </span>
     <span class='ocr_line' id='line_1_17' title="bbox 85 1569 1031 1649; baseline 0.005 -20"><span class='ocrx_word' id='word_1_152' title='bbox 85 1575 214 1629; x_wconf 84' lang='lat' dir='ltr'>ateriam·</span> <span class='ocrx_word' id='word_1_153' title='bbox 236 1569 274 1628; x_wconf 84' lang='lat' dir='ltr'>cst</span> <span class='ocrx_word' id='word_1_154' title='bbox 286 1571 386 1649; x_wconf 89' lang='lat' dir='ltr'>aliquid</span> <span class='ocrx_word' id='word_1_155' title='bbox 401 1574 429 1627; x_wconf 91' lang='lat' dir='ltr'>in</span> <span class='ocrx_word' id='word_1_156' title='bbox 442 1572 528 1627; x_wconf 85' lang='lat' dir='ltr'>verbis</span> <span class='ocrx_word' id='word_1_157' title='bbox 542 1571 668 1648; x_wconf 88' lang='lat' dir='ltr'>quidem,</span> <span class='ocrx_word' id='word_1_158' title='bbox 688 1575 716 1628; x_wconf 92' lang='lat' dir='ltr'>in</span> <span class='ocrx_word' id='word_1_159' title='bbox 729 1592 757 1629; x_wconf 88' lang='lat' dir='ltr'>re</span> <span class='ocrx_word' id='word_1_160' title='bbox 770 1593 832 1630; x_wconf 77' lang='lat' dir='ltr'>vero</span> <span class='ocrx_word' id='word_1_161' title='bbox 843 1572 912 1632; x_wconf 90' lang='lat' dir='ltr'>nihil</span> <span class='ocrx_word' id='word_1_162' title='bbox 924 1570 1031 1634; x_wconf 83' lang='lat' dir='ltr'>essedis-</span> 
     </span>
     <span class='ocr_line' id='line_1_18' title="bbox 82 1647 1033 1726; baseline 0.006 -21"><span class='ocrx_word' id='word_1_163' title='bbox 82 1650 138 1706; x_wconf 83' lang='lat' dir='ltr'>rtiae</span> <span class='ocrx_word' id='word_1_164' title='bbox 150 1648 283 1706; x_wconf 79' lang='lat' dir='ltr'>videmus.</span> <span class='ocrx_word' id='word_1_165' title='bbox 316 1648 387 1726; x_wconf 90' lang='lat' dir='ltr'>quod</span> <span class='ocrx_word' id='word_1_166' title='bbox 405 1647 477 1703; x_wconf 89' lang='lat' dir='ltr'>idem</span> <span class='ocrx_word' id='word_1_167' title='bbox 493 1650 521 1703; x_wconf 92' lang='lat' dir='ltr'>in</span> <span class='ocrx_word' id='word_1_168' title='bbox 536 1649 648 1724; x_wconf 89' lang='lat' dir='ltr'>propriis</span> <span class='ocrx_word' id='word_1_169' title='bbox 659 1647 764 1706; x_wconf 88' lang='lat' dir='ltr'>accidit.</span> <span class='ocrx_word' id='word_1_170' title='bbox 785 1714 788 1719; x_wconf 27' lang='lat'>¹</span> <span class='ocrx_word' id='word_1_171' title='bbox 804 1669 867 1707; x_wconf 86' lang='lat' dir='ltr'>narn</span> <span class='ocrx_word' id='word_1_172' title='bbox 880 1654 1033 1711; x_wconf 73' lang='lat' dir='ltr'>caseicero</span> 
     </span>
     <span class='ocr_line' id='line_1_19' title="bbox 82 1722 1032 1801; baseline 0.006 -20"><span class='ocrx_word' id='word_1_173' title='bbox 82 1727 189 1783; x_wconf 85' lang='lat' dir='ltr'>rttasias</span> <span class='ocrx_word' id='word_1_174' title='bbox 202 1725 323 1801; x_wconf 85' lang='lat' dir='ltr'>appellat.</span> <span class='ocrx_word' id='word_1_175' title='bbox 345 1726 475 1797; x_wconf 84' lang='lat' dir='ltr'>quoniam</span> <span class='ocrx_word' id='word_1_176' title='bbox 488 1743 543 1779; x_wconf 88' lang='lat' dir='ltr'>non</span> <span class='ocrx_word' id='word_1_177' title='bbox 558 1722 644 1779; x_wconf 87' lang='lat' dir='ltr'>sunta</span> <span class='ocrx_word' id='word_1_178' title='bbox 658 1743 750 1781; x_wconf 87' lang='lat' dir='ltr'>natura</span> <span class='ocrx_word' id='word_1_179' title='bbox 760 1726 837 1782; x_wconf 88' lang='lat' dir='ltr'>nobis</span> <span class='ocrx_word' id='word_1_180' title='bbox 846 1727 967 1792; x_wconf 68' lang='lat' dir='ltr'>tributas,</span> <span class='ocrx_word' id='word_1_181' title='bbox 987 1730 1032 1787; x_wconf 86' lang='lat' dir='ltr'>sed</span> 
     </span>
     <span class='ocr_line' id='line_1_20' title="bbox 82 1797 1031 1876; baseline 0.004 -19"><span class='ocrx_word' id='word_1_182' title='bbox 82 1820 160 1857; x_wconf 89' lang='lat' dir='ltr'>ntatc</span> <span class='ocrx_word' id='word_1_183' title='bbox 174 1804 261 1876; x_wconf 91' lang='lat' dir='ltr'>potius</span> <span class='ocrx_word' id='word_1_184' title='bbox 277 1799 424 1876; x_wconf 80' lang='lat' dir='ltr'>acquifitae,</span> <span class='ocrx_word' id='word_1_185' title='bbox 445 1808 471 1856; x_wconf 84' lang='grc' dir='ltr'>δι</span> <span class='ocrx_word' id='word_1_186' title='bbox 487 1816 625 1875; x_wconf 89' lang='lat' dir='ltr'>propterea</span> <span class='ocrx_word' id='word_1_187' title='bbox 638 1797 714 1870; x_wconf 84' lang='lat' dir='ltr'>justu,</span> <span class='ocrx_word' id='word_1_188' title='bbox 735 1799 906 1864; x_wconf 87' lang='lat' dir='ltr'>constantes,</span> <span class='ocrx_word' id='word_1_189' title='bbox 932 1800 1031 1875; x_wconf 84' lang='lat' dir='ltr'>sortes,</span> 
     </span>
     <span class='ocr_line' id='line_1_21' title="bbox 84 1871 1031 1956; baseline 0.003 -23"><span class='ocrx_word' id='word_1_190' title='bbox 84 1875 215 1953; x_wconf 83' lang='lat' dir='ltr'>ensesque</span> <span class='ocrx_word' id='word_1_191' title='bbox 226 1871 273 1932; x_wconf 75' lang='lat' dir='ltr'>ell&#39;e</span> <span class='ocrx_word' id='word_1_192' title='bbox 286 1876 426 1941; x_wconf 83' lang='lat' dir='ltr'>volumus,</span> <span class='ocrx_word' id='word_1_193' title='bbox 448 1880 512 1951; x_wconf 82' lang='lat' dir='ltr'>quia</span> <span class='ocrx_word' id='word_1_194' title='bbox 522 1875 612 1932; x_wconf 88' lang='lat' dir='ltr'>decere</span> <span class='ocrx_word' id='word_1_195' title='bbox 623 1879 786 1952; x_wconf 81' lang='lat' dir='ltr'>cogitamus.</span> <span class='ocrx_word' id='word_1_196' title='bbox 807 1895 853 1933; x_wconf 92' lang='lat' dir='ltr'>cur</span> <span class='ocrx_word' id='word_1_197' title='bbox 866 1894 953 1934; x_wconf 87' lang='lat' dir='ltr'>autem</span> <span class='ocrx_word' id='word_1_198' title='bbox 968 1899 1031 1956; x_wconf 59' lang='lat' dir='ltr'>pro*</span> 
     </span>
     <span class='ocr_line' id='line_1_22' title="bbox 82 1950 1031 2026; baseline -0.001 -16"><span class='ocrx_word' id='word_1_199' title='bbox 82 1972 148 2011; x_wconf 76' lang='lat' dir='ltr'>scas</span> <span class='ocrx_word' id='word_1_200' title='bbox 163 1970 238 2009; x_wconf 79' lang='lat' dir='ltr'>nocet</span> <span class='ocrx_word' id='word_1_201' title='bbox 253 1951 334 2008; x_wconf 77' lang='lat' dir='ltr'>Arist.</span> <span class='ocrx_word' id='word_1_202' title='bbox 346 1972 376 2008; x_wconf 89' lang='lat' dir='ltr'>ea</span> <span class='ocrx_word' id='word_1_203' title='bbox 389 1950 463 2009; x_wconf 89' lang='lat' dir='ltr'>causa</span> <span class='ocrx_word' id='word_1_204' title='bbox 479 1951 526 2007; x_wconf 85' lang='lat' dir='ltr'>est.</span> <span class='ocrx_word' id='word_1_205' title='bbox 565 1950 638 2026; x_wconf 88' lang='lat' dir='ltr'>quod</span> <span class='ocrx_word' id='word_1_206' title='bbox 651 1969 742 2007; x_wconf 86' lang='lat' dir='ltr'>earum</span> <span class='ocrx_word' id='word_1_207' title='bbox 757 1970 841 2025; x_wconf 89' lang='lat' dir='ltr'>neque</span> <span class='ocrx_word' id='word_1_208' title='bbox 853 1972 963 2020; x_wconf 85' lang='lat' dir='ltr'>natura,</span> <span class='ocrx_word' id='word_1_209' title='bbox 984 1972 1031 2015; x_wconf 65' lang='lat' dir='ltr'>nez</span> 
     </span>
     <span class='ocr_line' id='line_1_23' title="bbox 82 2024 1031 2105; baseline 0 -20"><span class='ocrx_word' id='word_1_210' title='bbox 82 2028 198 2086; x_wconf 87' lang='lat' dir='ltr'>sotruna</span> <span class='ocrx_word' id='word_1_211' title='bbox 217 2047 318 2105; x_wconf 88' lang='lat' dir='ltr'>patrem</span> <span class='ocrx_word' id='word_1_212' title='bbox 339 2027 386 2084; x_wconf 89' lang='lat' dir='ltr'>srbi</span> <span class='ocrx_word' id='word_1_213' title='bbox 408 2026 549 2088; x_wconf 79' lang='lat' dir='ltr'>vendicat,</span> <span class='ocrx_word' id='word_1_214' title='bbox 578 2024 620 2082; x_wconf 90' lang='lat' dir='ltr'>sed</span> <span class='ocrx_word' id='word_1_215' title='bbox 639 2028 755 2082; x_wconf 87' lang='lat' dir='ltr'>omnino</span> <span class='ocrx_word' id='word_1_216' title='bbox 766 2028 850 2091; x_wconf 84' lang='lat' dir='ltr'>labori</span> <span class='ocrx_word' id='word_1_217' title='bbox 863 2027 974 2096; x_wconf 79' lang='lat' dir='ltr'>nostro,</span> <span class='ocrx_word' id='word_1_218' title='bbox 1002 2040 1031 2091; x_wconf 65' lang='lat' dir='ltr'>aa</span> 
     </span>
     <span class='ocr_line' id='line_1_24' title="bbox 82 2102 1030 2180; baseline 0.004 -19"><span class='ocrx_word' id='word_1_219' title='bbox 82 2106 206 2161; x_wconf 77' lang='lat' dir='ltr'>citationi</span> <span class='ocrx_word' id='word_1_220' title='bbox 221 2102 367 2161; x_wconf 88' lang='lat' dir='ltr'>reseruntur</span> <span class='ocrx_word' id='word_1_221' title='bbox 380 2121 499 2179; x_wconf 82' lang='lat' dir='ltr'>acceprae.</span> <span class='ocrx_word' id='word_1_222' title='bbox 529 2121 576 2159; x_wconf 88' lang='lat' dir='ltr'>nec</span> <span class='ocrx_word' id='word_1_223' title='bbox 590 2120 680 2158; x_wconf 88' lang='lat' dir='ltr'>tarntn</span> <span class='ocrx_word' id='word_1_224' title='bbox 695 2106 846 2180; x_wconf 82' lang='lat' dir='ltr'>negaverim</span> <span class='ocrx_word' id='word_1_225' title='bbox 859 2104 896 2161; x_wconf 87' lang='lat' dir='ltr'>ob</span> <span class='ocrx_word' id='word_1_226' title='bbox 907 2104 934 2161; x_wconf 88' lang='lat' dir='ltr'>id</span> <span class='ocrx_word' id='word_1_227' title='bbox 946 2108 1030 2166; x_wconf 83' lang='lat' dir='ltr'>etiarn</span> 
     </span>
     <span class='ocr_line' id='line_1_25' title="bbox 83 2174 1030 2258; baseline 0.005 -22"><span class='ocrx_word' id='word_1_228' title='bbox 83 2180 289 2256; x_wconf 81' lang='lat' dir='ltr'>riasappellari,</span> <span class='ocrx_word' id='word_1_229' title='bbox 309 2183 371 2256; x_wconf 88' lang='lat' dir='ltr'>quia</span> <span class='ocrx_word' id='word_1_230' title='bbox 406 2180 495 2255; x_wconf 86' lang='lat' dir='ltr'>ropria</span> <span class='ocrx_word' id='word_1_231' title='bbox 508 2176 568 2234; x_wconf 92' lang='lat' dir='ltr'>sunt</span> <span class='ocrx_word' id='word_1_232' title='bbox 581 2174 846 2254; x_wconf 81' lang='lat' dir='ltr'>hominisposlellio,</span> <span class='ocrx_word' id='word_1_233' title='bbox 868 2181 962 2258; x_wconf 78' lang='lat' dir='ltr'>inqua</span> <span class='ocrx_word' id='word_1_234' title='bbox 973 2179 1030 2242; x_wconf 65' lang='lat' dir='ltr'>fora</span> 
     </span>
     <span class='ocr_line' id='line_1_26' title="bbox 91 2199 1029 2336; baseline 0.005 -23"><span class='ocrx_word' id='word_1_235' title='bbox 91 2258 199 2313; x_wconf 88' lang='lat' dir='ltr'>nullam</span> <span class='ocrx_word' id='word_1_236' title='bbox 215 2256 308 2313; x_wconf 83' lang='lat' dir='ltr'>habere</span> <span class='ocrx_word' id='word_1_237' title='bbox 321 2199 404 2330; x_wconf 78' lang='lat' dir='ltr'>potesl</span> <span class='ocrx_word' id='word_1_238' title='bbox 418 2256 616 2311; x_wconf 74' lang='lat' dir='ltr'>ausiontare&#39;m.</span> <span class='ocrx_word' id='word_1_239' title='bbox 655 2255 727 2311; x_wconf 83' lang='lat' dir='ltr'>varia</span> <span class='ocrx_word' id='word_1_240' title='bbox 741 2252 800 2312; x_wconf 90' lang='lat' dir='ltr'>sunt</span> <span class='ocrx_word' id='word_1_241' title='bbox 813 2272 881 2312; x_wconf 90' lang='lat' dir='ltr'>certe</span> <span class='ocrx_word' id='word_1_242' title='bbox 892 2257 1029 2336; x_wconf 87' lang='lat' dir='ltr'>utriusque</span> 
     </span>
     <span class='ocr_line' id='line_1_27' title="bbox 82 2330 1028 2409; baseline 0.005 -20"><span class='ocrx_word' id='word_1_243' title='bbox 82 2353 109 2397; x_wconf 83' lang='lat' dir='ltr'>a,</span> <span class='ocrx_word' id='word_1_244' title='bbox 134 2331 178 2389; x_wconf 90' lang='lat' dir='ltr'>sed</span> <span class='ocrx_word' id='word_1_245' title='bbox 194 2350 284 2389; x_wconf 88' lang='lat' dir='ltr'>tamen</span> <span class='ocrx_word' id='word_1_246' title='bbox 296 2330 399 2389; x_wconf 87' lang='lat' dir='ltr'>easdem</span> <span class='ocrx_word' id='word_1_247' title='bbox 414 2332 598 2395; x_wconf 83' lang='lat' dir='ltr'>voluntarias,</span> <span class='ocrx_word' id='word_1_248' title='bbox 620 2337 647 2387; x_wconf 73' lang='grc' dir='ltr'>δε</span> <span class='ocrx_word' id='word_1_249' title='bbox 662 2333 781 2409; x_wconf 85' lang='lat' dir='ltr'>proprias</span> <span class='ocrx_word' id='word_1_250' title='bbox 794 2332 923 2400; x_wconf 84' lang='lat' dir='ltr'>virtutes,</span> <span class='ocrx_word' id='word_1_251' title='bbox 946 2337 1028 2394; x_wconf 59' lang='lat' dir='ltr'>item*</span> 
     </span>
     <span class='ocr_line' id='line_1_28' title="bbox 82 2406 1027 2485; baseline 0.004 -19"><span class='ocrx_word' id='word_1_252' title='bbox 82 2409 236 2472; x_wconf 82' lang='lat' dir='ltr'>naturales,</span> <span class='ocrx_word' id='word_1_253' title='bbox 261 2407 426 2473; x_wconf 77' lang='lat' dir='ltr'>&amp;sentina,</span> <span class='ocrx_word' id='word_1_254' title='bbox 452 2408 604 2485; x_wconf 81' lang='lat' dir='ltr'>igniculos,</span> <span class='ocrx_word' id='word_1_255' title='bbox 631 2409 826 2483; x_wconf 88' lang='lat' dir='ltr'>oportunitates</span> <span class='ocrx_word' id='word_1_256' title='bbox 845 2406 896 2464; x_wconf 82' lang='lat' dir='ltr'>elle</span> <span class='ocrx_word' id='word_1_257' title='bbox 915 2410 1027 2470; x_wconf 64' lang='lat' dir='ltr'>constat·-</span> 
     </span>
     <span class='ocr_line' id='line_1_29' title="bbox 82 2481 1024 2560; baseline 0.006 -19"><span class='ocrx_word' id='word_1_258' title='bbox 82 2487 223 2549; x_wconf 75' lang='lat' dir='ltr'>ronexiis,</span> <span class='ocrx_word' id='word_1_259' title='bbox 246 2484 468 2560; x_wconf 74' lang='lat' dir='ltr'>quadisiasunt,</span> <span class='ocrx_word' id='word_1_260' title='bbox 488 2481 823 2559; x_wconf 73' lang='lat' dir='ltr'>perspicuumsaslumest,</span> <span class='ocrx_word' id='word_1_261' title='bbox 844 2492 1024 2546; x_wconf 77' lang='lat' dir='ltr'>cnromniuns</span> 
     </span>
     <span class='ocr_line' id='line_1_30' title="bbox 82 2559 1024 2637; baseline 0.001 -20"><span class='ocrx_word' id='word_1_262' title='bbox 82 2559 240 2636; x_wconf 72' lang='lat' dir='ltr'>»sophorum</span> <span class='ocrx_word' id='word_1_263' title='bbox 260 2561 385 2617; x_wconf 86' lang='lat' dir='ltr'>consensu</span> <span class='ocrx_word' id='word_1_264' title='bbox 406 2561 514 2616; x_wconf 84' lang='lat' dir='ltr'>virtutes</span> <span class='ocrx_word' id='word_1_265' title='bbox 536 2578 620 2635; x_wconf 89' lang='lat' dir='ltr'>neque</span> <span class='ocrx_word' id='word_1_266' title='bbox 639 2560 793 2624; x_wconf 86' lang='lat' dir='ltr'>naturales,</span> <span class='ocrx_word' id='word_1_267' title='bbox 829 2578 913 2636; x_wconf 91' lang='lat' dir='ltr'>neque</span> <span class='ocrx_word' id='word_1_268' title='bbox 932 2576 1024 2637; x_wconf 79' lang='lat' dir='ltr'>praeces</span> 
     </span>
     <span class='ocr_line' id='line_1_31' title="bbox 82 2634 1099 2711; baseline 0.004 -18"><span class='ocrx_word' id='word_1_269' title='bbox 82 2636 214 2694; x_wconf 85' lang='lat' dir='ltr'>ramfint.</span> <span class='ocrx_word' id='word_1_270' title='bbox 242 2637 289 2693; x_wconf 87' lang='lat' dir='ltr'>Sed</span> <span class='ocrx_word' id='word_1_271' title='bbox 301 2637 410 2693; x_wconf 87' lang='lat' dir='ltr'>libenter</span> <span class='ocrx_word' id='word_1_272' title='bbox 422 2655 493 2692; x_wconf 89' lang='lat' dir='ltr'>nunc</span> <span class='ocrx_word' id='word_1_273' title='bbox 504 2634 624 2691; x_wconf 86' lang='lat' dir='ltr'>audirem</span> <span class='ocrx_word' id='word_1_274' title='bbox 637 2636 766 2701; x_wconf 78' lang='lat' dir='ltr'>Casium,</span> <span class='ocrx_word' id='word_1_275' title='bbox 787 2638 814 2691; x_wconf 93' lang='lat' dir='ltr'>in</span> <span class='ocrx_word' id='word_1_276' title='bbox 826 2654 946 2711; x_wconf 84' lang='lat' dir='ltr'>quonam</span> <span class='ocrx_word' id='word_1_277' title='bbox 959 2640 1023 2697; x_wconf 62' lang='lat' dir='ltr'>alte*</span> <span class='ocrx_word' id='word_1_278' title='bbox 1096 2669 1099 2675; x_wconf 58' lang='lat'><strong><em>¹</em></strong></span> 
     </span>
     <span class='ocr_line' id='line_1_32' title="bbox 84 2709 1023 2788; baseline 0.003 -17"><span class='ocrx_word' id='word_1_279' title='bbox 84 2713 121 2771; x_wconf 88' lang='lat' dir='ltr'>ab</span> <span class='ocrx_word' id='word_1_280' title='bbox 131 2714 217 2768; x_wconf 85' lang='lat' dir='ltr'>altero</span> <span class='ocrx_word' id='word_1_281' title='bbox 227 2711 371 2786; x_wconf 81' lang='lat' dir='ltr'>discrepare</span> <span class='ocrx_word' id='word_1_282' title='bbox 381 2711 484 2774; x_wconf 74' lang='lat' dir='ltr'>videat,</span> <span class='ocrx_word' id='word_1_283' title='bbox 504 2709 574 2767; x_wconf 89' lang='lat' dir='ltr'>mihi</span> <span class='ocrx_word' id='word_1_284' title='bbox 586 2728 655 2767; x_wconf 88' lang='lat' dir='ltr'>certe</span> <span class='ocrx_word' id='word_1_285' title='bbox 667 2714 695 2768; x_wconf 93' lang='lat' dir='ltr'>in</span> <span class='ocrx_word' id='word_1_286' title='bbox 708 2730 763 2788; x_wconf 87' lang='lat' dir='ltr'>quo</span> <span class='ocrx_word' id='word_1_287' title='bbox 775 2713 862 2788; x_wconf 83' lang='lat' dir='ltr'>tnagis</span> <span class='ocrx_word' id='word_1_288' title='bbox 874 2714 1023 2774; x_wconf 77' lang='lat' dir='ltr'>constntire</span> 
     </span>
     <span class='ocr_line' id='line_1_33' title="bbox 82 2787 1021 2862; baseline 0.005 -17"><span class='ocrx_word' id='word_1_289' title='bbox 82 2807 108 2845; x_wconf 92' lang='lat' dir='ltr'>nt</span> <span class='ocrx_word' id='word_1_290' title='bbox 130 2788 202 2844; x_wconf 80' lang='lat' dir='ltr'>nihil</span> <span class='ocrx_word' id='word_1_291' title='bbox 219 2792 343 2845; x_wconf 90' lang='lat' dir='ltr'>occurrit.</span> <span class='ocrx_word' id='word_1_292' title='bbox 382 2807 445 2843; x_wconf 86' lang='lat' dir='ltr'>narn</span> <span class='ocrx_word' id='word_1_293' title='bbox 466 2787 539 2862; x_wconf 86' lang='lat' dir='ltr'>qnod</span> <span class='ocrx_word' id='word_1_294' title='bbox 552 2787 664 2844; x_wconf 87' lang='lat' dir='ltr'>morales</span> <span class='ocrx_word' id='word_1_295' title='bbox 677 2788 785 2844; x_wconf 82' lang='lat' dir='ltr'>virtutes</span> <span class='ocrx_word' id='word_1_296' title='bbox 798 2789 901 2844; x_wconf 85' lang='lat' dir='ltr'>adeam</span> <span class='ocrx_word' id='word_1_297' title='bbox 931 2794 1021 2850; x_wconf 75' lang='lat' dir='ltr'>&#39;art&#39;em</span> 
     </span>
     <span class='ocr_line' id='line_1_34' title="bbox 82 2861 1021 2940; baseline 0.003 -21"><span class='ocrx_word' id='word_1_298' title='bbox 82 2885 110 2924; x_wconf 61' lang='grc' dir='ltr'>,ε</span> <span class='ocrx_word' id='word_1_299' title='bbox 124 2861 319 2927; x_wconf 79' lang='lat' dir='ltr'>franandam,</span> <span class='ocrx_word' id='word_1_300' title='bbox 348 2882 426 2937; x_wconf 87' lang='lat' dir='ltr'>atque</span> <span class='ocrx_word' id='word_1_301' title='bbox 441 2862 584 2940; x_wconf 82' lang='lat' dir='ltr'>regendam</span> <span class='ocrx_word' id='word_1_302' title='bbox 598 2861 793 2927; x_wconf 81' lang='lat' dir='ltr'>adhibeantur,</span> <span class='ocrx_word' id='word_1_303' title='bbox 819 2882 902 2939; x_wconf 78' lang='lat' dir='ltr'>quase</span> <span class='ocrx_word' id='word_1_304' title='bbox 938 2870 1021 2923; x_wconf 68' lang='lat' dir='ltr'>racina</span> 
     </span>
     <span class='ocr_line' id='line_1_35' title="bbox 88 2936 1020 3016; baseline 0.001 -19"><span class='ocrx_word' id='word_1_305' title='bbox 88 2942 118 2997; x_wconf 91' lang='lat' dir='ltr'>id</span> <span class='ocrx_word' id='word_1_306' title='bbox 132 2940 221 3015; x_wconf 85' lang='lat' dir='ltr'>ipsum</span> <span class='ocrx_word' id='word_1_307' title='bbox 230 2945 325 2997; x_wconf 89' lang='lat' dir='ltr'>Cicero</span> <span class='ocrx_word' id='word_1_308' title='bbox 338 2938 429 3016; x_wconf 73' lang='lat' dir='ltr'>pallini</span> <span class='ocrx_word' id='word_1_309' title='bbox 443 2936 624 2995; x_wconf 85' lang='lat' dir='ltr'>confirmavit.</span> <span class='ocrx_word' id='word_1_310' title='bbox 643 2958 706 2996; x_wconf 88' lang='lat' dir='ltr'>narn</span> <span class='ocrx_word' id='word_1_311' title='bbox 719 2939 737 2997; x_wconf 83' lang='lat' dir='ltr'>fi</span> <span class='ocrx_word' id='word_1_312' title='bbox 750 2941 904 3016; x_wconf 81' lang='lat' dir='ltr'>cupiditates</span> <span class='ocrx_word' id='word_1_313' title='bbox 917 2949 944 2998; x_wconf 91' lang='lat'>&amp;</span> <span class='ocrx_word' id='word_1_314' title='bbox 953 2937 1020 3003; x_wconf 52' lang='lat' dir='ltr'>affe*</span> 
     </span>
     <span class='ocr_line' id='line_1_36' title="bbox 82 3013 1020 3097; baseline 0.004 -24"><span class='ocrx_word' id='word_1_315' title='bbox 82 3037 115 3074; x_wconf 86' lang='lat' dir='ltr'>ex</span> <span class='ocrx_word' id='word_1_316' title='bbox 129 3018 224 3073; x_wconf 86' lang='lat' dir='ltr'>anima</span> <span class='ocrx_word' id='word_1_317' title='bbox 236 3018 382 3080; x_wconf 90' lang='lat' dir='ltr'>tollantur,</span> <span class='ocrx_word' id='word_1_318' title='bbox 408 3017 461 3086; x_wconf 87' lang='lat' dir='ltr'>jam</span> <span class='ocrx_word' id='word_1_319' title='bbox 475 3016 580 3072; x_wconf 86' lang='lat' dir='ltr'>virturis</span> <span class='ocrx_word' id='word_1_320' title='bbox 596 3013 682 3074; x_wconf 88' lang='lat' dir='ltr'>nullus</span> <span class='ocrx_word' id='word_1_321' title='bbox 695 3019 746 3074; x_wconf 91' lang='lat' dir='ltr'>erit</span> <span class='ocrx_word' id='word_1_322' title='bbox 760 3015 837 3081; x_wconf 84' lang='lat' dir='ltr'>usus,</span> <span class='ocrx_word' id='word_1_323' title='bbox 857 3035 906 3074; x_wconf 85' lang='lat' dir='ltr'>nec</span> <span class='ocrx_word' id='word_1_324' title='bbox 920 3018 950 3076; x_wconf 90' lang='lat' dir='ltr'>in</span> <span class='ocrx_word' id='word_1_325' title='bbox 963 3034 1020 3097; x_wconf 83' lang='lat' dir='ltr'>quo</span> 
     </span>
     <span class='ocr_line' id='line_1_37' title="bbox 82 3093 580 3170; baseline -0.006 -18"><span class='ocrx_word' id='word_1_326' title='bbox 82 3112 161 3152; x_wconf 91' lang='lat' dir='ltr'>eatur</span> <span class='ocrx_word' id='word_1_327' title='bbox 174 3094 448 3170; x_wconf 80' lang='lat' dir='ltr'>pratereaquicquarn</span> <span class='ocrx_word' id='word_1_328' title='bbox 461 3093 520 3149; x_wconf 91' lang='lat' dir='ltr'>erit.</span> <span class='ocrx_word' id='word_1_329' title='bbox 574 3120 580 3131; x_wconf 90' lang='lat'><strong>·</strong></span> 
     </span>
    </p>
   </div>
   <div class='ocr_carea' id='block_1_2' title="bbox 151 3196 872 3341">
    <p class='ocr_par' dir='ltr' id='par_1_3' title="bbox 151 3196 872 3341">
     <span class='ocr_line' id='line_1_38' title="bbox 151 3196 872 3341; baseline 0.003 -29"><span class='ocrx_word' id='word_1_330' title='bbox 151 3248 286 3313; x_wconf 83' lang='lat' dir='ltr'>Decima</span> <span class='ocrx_word' id='word_1_331' title='bbox 295 3244 388 3336; x_wconf 80' lang='lat' dir='ltr'>sexta</span> <span class='ocrx_word' id='word_1_332' title='bbox 406 3246 489 3312; x_wconf 83' lang='lat' dir='ltr'>Calia&#39;</span> <span class='ocrx_word' id='word_1_333' title='bbox 505 3196 684 3341; x_wconf 76' lang='lat' dir='ltr'>Calcagniiti</span> <span class='ocrx_word' id='word_1_334' title='bbox 697 3218 872 3337; x_wconf 73' lang='lat' dir='ltr'>disqaisita‘o.</span> 
     </span>
    </p>
   </div>
   <div class='ocr_carea' id='block_1_3' title="bbox 82 3384 1101 3769">
    <p class='ocr_par' dir='ltr' id='par_1_4' title="bbox 82 3384 1101 3769">
     <span class='ocr_line' id='line_1_39' title="bbox 82 3384 1020 3475; baseline 0.001 -27"><span class='ocrx_word' id='word_1_335' title='bbox 82 3394 184 3448; x_wconf 49' lang='lat' dir='ltr'>&#39;aceram</span> <span class='ocrx_word' id='word_1_336' title='bbox 198 3386 281 3469; x_wconf 77' lang='lat' dir='ltr'>officii</span> <span class='ocrx_word' id='word_1_337' title='bbox 292 3387 451 3446; x_wconf 83' lang='lat' dir='ltr'>disifionern</span> <span class='ocrx_word' id='word_1_338' title='bbox 464 3386 586 3445; x_wconf 86' lang='lat' dir='ltr'>adscribis</span> <span class='ocrx_word' id='word_1_339' title='bbox 598 3390 694 3445; x_wconf 86' lang='lat' dir='ltr'>Cicero</span> <span class='ocrx_word' id='word_1_340' title='bbox 702 3390 730 3444; x_wconf 91' lang='lat' dir='ltr'>in</span> <span class='ocrx_word' id='word_1_341' title='bbox 738 3384 885 3475; x_wconf 69' lang='lat' dir='ltr'>persesiutn</span> <span class='ocrx_word' id='word_1_342' title='bbox 893 3386 1020 3448; x_wconf 68' lang='lat' dir='ltr'>seueous¹</span> 
     </span>
     <span class='ocr_line' id='line_1_40' title="bbox 82 3464 1021 3601; baseline 0.003 -4"><span class='ocrx_word' id='word_1_343' title='bbox 82 3464 693 3601; x_wconf 59' lang='lat' dir='ltr'>&#39;‘¹¹¹“‘d¹¹⁰lds‘&#39;5ldss¹{{s?Psilis*</span> <span class='ocrx_word' id='word_1_344' title='bbox 707 3464 1021 3600; x_wconf 56' lang='lat' dir='ltr'>‘sltl&#39;ldn‘dlj</span> 
     </span>
     <span class='ocr_line' id='line_1_41' title="bbox 82 3546 1101 3748; baseline 0.005 -77"><span class='ocrx_word' id='word_1_345' title='bbox 82 3546 464 3748; x_wconf 47' lang='lat' dir='ltr'>&#39;iliiaissr’adapuinunum</span> <span class='ocrx_word' id='word_1_346' title='bbox 478 3560 636 3688; x_wconf 70' lang='lat' dir='ltr'>redigaris,</span> <span class='ocrx_word' id='word_1_347' title='bbox 663 3559 1018 3693; x_wconf 65' lang='lat' dir='ltr'>longagimppersefflffimnn</span> <span class='ocrx_word' id='word_1_348' title='bbox 1093 3682 1101 3699; x_wconf 44' lang='lat'>⁸</span> 
     </span>
     <span class='ocr_line' id='line_1_42' title="bbox 98 3690 1017 3769; baseline -0.003 -17"><span class='ocrx_word' id='word_1_349' title='bbox 98 3700 161 3752; x_wconf 81' lang='lat' dir='ltr'>Hoc</span> <span class='ocrx_word' id='word_1_350' title='bbox 172 3697 247 3750; x_wconf 86' lang='lat' dir='ltr'>eninr</span> <span class='ocrx_word' id='word_1_351' title='bbox 260 3690 305 3749; x_wconf 86' lang='lat' dir='ltr'>illu</span> <span class='ocrx_word' id='word_1_352' title='bbox 336 3692 390 3757; x_wconf 87' lang='lat' dir='ltr'>ell,</span> <span class='ocrx_word' id='word_1_353' title='bbox 410 3690 482 3769; x_wconf 89' lang='lat' dir='ltr'>qnod</span> <span class='ocrx_word' id='word_1_354' title='bbox 495 3693 566 3748; x_wconf 67' lang='lat' dir='ltr'>flesti</span> <span class='ocrx_word' id='word_1_355' title='bbox 580 3693 676 3750; x_wconf 73' lang='lat' dir='ltr'>nescies</span> <span class='ocrx_word' id='word_1_356' title='bbox 699 3691 773 3765; x_wconf 89' lang='lat' dir='ltr'>quod</span> <span class='ocrx_word' id='word_1_357' title='bbox 787 3712 872 3769; x_wconf 86' lang='lat' dir='ltr'>neque</span> <span class='ocrx_word' id='word_1_358' title='bbox 884 3696 1017 3757; x_wconf 73' lang='lat' dir='ltr'>locorum,</span> 
     </span>
    </p>
   </div>
   <div class='ocr_carea' id='block_1_4' title="bbox 82 3766 1019 3901">
    <p class='ocr_par' dir='ltr' id='par_1_5' title="bbox 82 3766 1019 3901">
     <span class='ocr_line' id='line_1_43' title="bbox 82 3766 1019 3901; baseline -0.001 -72"><span class='ocrx_word' id='word_1_359' title='bbox 82 3788 270 3848; x_wconf 73' lang='lat' dir='ltr'>stemporum,</span> <span class='ocrx_word' id='word_1_360' title='bbox 288 3786 375 3846; x_wconf 85' lang='lat' dir='ltr'>ueqne</span> <span class='ocrx_word' id='word_1_361' title='bbox 382 3768 702 3846; x_wconf 72' lang='lat' dir='ltr'>personaturu‘aau&#39;ontm</span> <span class='ocrx_word' id='word_1_362' title='bbox 716 3766 812 3828; x_wconf 80' lang='lat' dir='ltr'>lrabsre</span> <span class='ocrx_word' id='word_1_363' title='bbox 823 3768 926 3847; x_wconf 78' lang='lat' dir='ltr'>potest:</span> <span class='ocrx_word' id='word_1_364' title='bbox 942 3766 1019 3901; x_wconf 53' lang='lat' dir='ltr'>q‘tppd</span> 
     </span>
    </p>
   </div>
   <div class='ocr_carea' id='block_1_5' title="bbox 0 0 1250 4500">
    <p class='ocr_par' dir='ltr' id='par_1_6' title="bbox 0 0 1250 4500">
     <span class='ocr_line' id='line_1_44' title="bbox 0 0 1250 4500; baseline 0 0"><span class='ocrx_word' id='word_1_365' title='bbox 0 0 1250 4500; x_wconf 95' lang='lat' dir='ltr'> </span> 
     </span>
    </p>
   </div>
  </div>
 </body>
</html>
