2490 4500
138 178 181 254 18
1121 235 1125 254 .

104 194 190 355 {itur
200 288 293 333 corrtra
306 268 503 344 jusjurandum.
531 274 607 331 Nam
623 272 701 330 noni
712 288 843 348 tanquam
857 267 1023 351 exploratum
1037 272 1100 337 lrabt·

105 371 185 415 rent,
211 350 287 407 illum
305 347 400 424 cupide
419 348 566 407 trasturum
588 349 621 407 de
638 350 823 425 permutandis
841 352 978 426 captivis,
1008 351 1103 411 detare'
1126 360 1134 393 ²

105 424 573 503 nihilcumeodiligenriusegerant.
598 428 671 502 Quis
683 428 757 483 enim
774 446 829 483 non
839 422 963 503 putasset,
983 428 1104 492 bominem
1129 460 1147 468 ·-

105 502 305 567 Consularem,
333 503 464 557 maximis
478 506 506 558 in
521 504 627 569 Repub.
645 504 721 561 rebus
734 500 836 579 gestis,
857 522 1015 576 exoptatum
1028 524 1043 562 a
1055 506 1104 561 citi·
1145 514 1147 519 '

105 580 155 638 bus
168 577 235 643 suis,
257 578 400 659 conjugem
413 584 440 634 b:
452 577 548 635 liberos
560 580 636 635 domi
649 578 790 636 habentem
805 616 816 645 ‚
843 599 899 637 uon
912 578 1021 637 libenter
1034 582 1060 637 iu
1084 599 1104 638 a·

105 658 158 713 tria
167 652 367 716 remansurum,
391 661 418 710 δι
432 653 465 709 de
478 655 662 731 permutandis
673 601 1104 731 captiuisnoncupidiffimetrade·

105 749 216 793 turumt
239 732 693 811 AtRegulusquimagispatriam,
714 750 797 806 quam
813 730 856 798 se,
877 751 963 809 quam
980 736 1107 809 eoniuqen,
1133 744 1147 776 ·’-“

106 816 135 867 &
148 808 244 865 liberos
256 812 377 869 amabat,
398 806 493 864 maluit
504 827 562 863 eam
578 807 665 865 dicere
678 808 835 865 l'ententiam
894 828 956 886 quae
971 804 1103 891 longiffiuu
1137 820 1147 852 '-

106 902 229 962 tempore
240 880 298 941 ellet
313 886 428 957 Reipnb.
440 881 602 960 profutura,
629 904 713 961 quam
729 904 788 957 quae
806 883 832 941 se
844 846 935 942 linem
950 893 1103 961 &captivus
1134 896 1143 929 ἱ

107 966 184 1040 parui
196 964 325 1037 temporis
340 960 418 1018 ulirra
431 961 606 1016 condonaret.
629 967 665 1017 At
678 956 799 1035 potuisset
813 963 895 1038 Reip.
912 963 1004 1019 vivens
1018 960 1105 1039 prodes-
1136 972 1140 985 '

108 1038 151 1103 se,
173 1042 302 1115 quoniam
312 1036 486 1101 multisenes,
507 1055 536 1093 ut
550 1038 652 1113 Appius
663 1042 770 1101 Caecus,
790 1037 1034 1109 CatoCensorius‚
1053 1058 1105 1099 nou·
1139 1052 1147 1083 t

111 1114 179 1171 nulli
187 1116 231 1171 alii
242 1114 376 1172 sententiis
387 1114 454 1176 suis,
474 1132 600 1187 quamvis
612 1114 645 1169 ad
658 1114 755 1171 bellum
770 1132 826 1169 non
840 1116 959 1191 amplius
970 1110 1105 1193 ellerrtapti
1136 1152 1139 1158 -

110 1206 203 1247 tamen
216 1194 343 1247 Romano
358 1191 456 1267 populo
468 1188 615 1265 plurimum
632 1187 800 1263 profuerunt.
820 1192 859 1247 Sit
872 1192 922 1247 ita.
941 1192 990 1249 Sed
1004 1186 1104 1267 quint
1136 1203 1147 1234 ῑ·

112 1266 359 1343 uidebatRegulus‚
379 1285 408 1323 ut
420 1284 476 1322 crat
488 1262 574 1322 homo
589 1266 720 1342 prudens,
741 1282 882 1340 nunquam
895 1264 1020 1324 futurum
1032 1285 1104 1324 uttan·
1140 1288 1143 1313 τ

110 1358 170 1400 tum
187 1346 303 1421 Reipub.
323 1340 437 1420 prodelli¹
455 1336 556 1415 pollet,
583 1362 715 1415 quantum
738 1340 866 1399 nocuisset
884 1361 920 1399 eo
937 1361 993 1401 tem
1013 1337 1105 1410 ormi
1138 1357 1147 1391 :

110 1421 186 1477 aliter
200 1418 356 1476 sententiam
369 1413 495 1475 dixisset?
521 1418 607 1475 Crede
620 1418 710 1483 mrlri,
739 1420 864 1495 quamvis
875 1362 1017 1497 ingemuit
1029 1420 1105 1477 multat
1139 1440 1143 1466 :

109 1498 228 1553 rationes
236 1498 409 1573 excogitatis:
434 1495 534 1551 nullam
548 1512 639 1551 tamen
652 1494 720 1558 elle,
739 1514 799 1571 quae
811 1514 867 1551 tam
882 1495 988 1575 egregii
1002 1492 1104 1553 facinoris

110 1572 227 1650 gloriam
241 1568 377 1627 obscurare
390 1568 476 1647 possit.
517 1568 563 1628 Est
574 1572 648 1627 enim
661 1570 812 1640 ejusmodi,
835 1588 865 1627 ut
879 1572 913 1629 ab
929 1572 1054 1630 omnibus
1064 1588 1104 1628 nt·
1136 1589 1143 1595 ·

110 1650 165 1704 rito
173 1646 302 1702 laudetur.
322 1650 419 1720 Neque
431 1666 494 1703 vero
506 1646 567 1704 fecit
579 1646 810 1705 liolliumcausam
824 1645 967 1705 meliorem
978 1687 987 1713 ,
1007 1641 1105 1725 quaptlt
1138 1664 1141 1671 '

111 1721 180 1781 fima
188 1720 249 1779 suit.
269 1743 329 1779 cum
347 1726 420 1779 enim
437 1726 524 1799 potins
537 1726 660 1780 virtutem
672 1726 727 1795 ejus
738 1724 869 1780 admirati
883 1724 1024 1787 deberent,
1041 1724 1105 1795 dria*

112 1819 195 1857 venes
206 1798 265 1857 linos
277 1799 311 1856 ad
323 1802 378 1873 ejus
390 1802 572 1857 imitationem
586 1800 704 1864 hortari,
723 1818 752 1857 ut
764 1800 879 1875 patriam
894 1819 957 1857 ante
966 1797 1106 1858 omniadili·

112 1891 221 1953 gerent,
242 1896 304 1933 eum
321 1877 412 1933 multis
424 1876 556 1954 suppliciis
566 1874 711 1933 affecerunt
725 1897 733 1934 r
758 1877 882 1951 quamvis
896 1876 935 1932 illi
947 1874 1105 1933 violatamlt·
1142 1918 1147 1923 .

112 1954 251 2031 gerionem
259 1954 436 2025 obiedlatent,
457 1972 512 2010 ιιοιι
526 1971 616 2009 tamen
629 1954 656 2009 id
671 1950 740 2025 justo
752 1952 831 2021 judici
844 1954 957 2027 probare
972 1946 1104 2029 potuissent¹
1121 1963 1124 1970 '

112 2030 330 2163 eunlprzqssmim
340 2030 383 2087 ille
394 2026 522 2115 quicquid
534 2031 572 2089 eis
585 2048 640 2087 erat
651 2030 822 2107 pollicitus&
833 2029 953 2103 juratus«
970 2024 1106 2087 l'anffiffini

110 2123 221 2163 toneru
257 2124 293 2163 et.
667 2117 674 2131 '

111 2276 243 2349 Iacobus
263 2278 399 2371 Granius
419 2279 464 2349 ad
484 2284 664 2376 vzgefimam
682 2287 825 2373 quintam
848 2280 935 2349 Caelr'r'
953 2267 1107 2379 calcagiis

503 2380 750 2484 disquiſstitncm

184 2520 258 2583 Estat
269 2545 298 2583 ut
309 2528 403 2603 Reguli
415 2524 561 2606 gratillimi
574 2526 625 2585 viri
637 2522 813 2583 constantiam
825 2524 902 2589 litlei,
926 2533 953 2585 dt
961 2527 1055 2583 miram
1063 2518 1106 2577 nl·-

113 2528 274 2737 Bgionis
283 2604 476 2661 observantiam
493 2599 689 2665 defendamus,
711 2622 739 2658 ιιι
750 2604 914 2681 intelligatur
929 2606 990 2661 Cic.
1009 2604 1036 2659 in
1050 2598 1108 2666 liuius

142 2681 191 2736 ude
201 2699 255 2735 non
266 2677 364 2737 servisse
380 2684 510 2757 tempori.
532 2676 574 2734 sed
588 2680 765 2755 patrocinium
780 2683 897 2736 veritatis
908 2676 1050 2755 suscepill'e.
1068 2672 1109 2729 Pri·

116 2774 195 2813 mum
209 2756 292 2833 igitur
302 2759 473 2831 quaerendum
485 2755 524 2813 est
540 2795 547 2818 ‚
575 2776 641 2813 rrum
657 2757 775 2835 Regulus
788 2775 803 2812 a
817 2758 906 2833 poenis
922 2753 1073 2832 postularit,
1089 2764 1109 2803 u!

114 2835 237 2890 Romam
249 2834 351 2907 legatus
361 2835 393 2889 tle
409 2832 571 2891 redimendis
584 2834 695 2907 captivis
709 2834 866 2889 mitteretur.
905 2838 933 2890 Si
948 2850 1074 2909 negatur,
1090 2838 1111 2881 l!

114 2926 155 2966 res
166 2905 321 2985 ipsacogn,
341 2908 518 2968 conliteamur
532 2906 626 2967 necess'e
638 2906 676 2964 ell
690 2911 723 2966 ab
737 2906 858 2966 hostibus
869 2912 984 2985 petitum
996 2903 1043 2964 elle
1055 2924 1080 2961 ut
1088 2917 1111 2957 tv

114 2987 355 3043 nomineRontam
365 2990 423 3043 iret.
446 3008 500 3043 non
514 2989 588 3042 enim
602 3006 635 3045 ea
646 3005 686 3042 res
700 2985 734 3042 acl
746 2984 828 3042 alium
841 3005 1009 3061 quemquam
1018 2983 1112 3060 specius

114 3080 228 3139 poterat.
266 3062 371 3139 quodsi
388 3062 655 3127 itastserethaber‚
681 3061 770 3119 rursus
784 3062 958 3138 quarendum
973 3058 1034 3124 est,
1061 3071 1111 3115 num

116 3140 433 3204 PoenirebusRomanis‚
455 3161 488 3198 an
502 3141 594 3197 sitista
608 3140 742 3217 legatione
753 3138 905 3195 consultum
918 3140 1026 3195 vellent.
1050 3134 1114 3211 sqnu

114 3216 327 3291 distentusque,
347 3217 522 3279 ditaremur,
544 3214 648 3290 quaeio,
669 3212 938 3291 quideausaesuerit,
959 3236 1004 3271 cur
1021 3216 1111 3269 mitten·
1132 3233 1135 3242 ·

114 3291 180 3348 dnm
196 3295 334 3368 inprimis
346 3296 479 3372 Regulum
491 3294 561 3351 adid
573 3295 712 3373 negotium
724 3292 864 3348 censerent.
890 3303 955 3348 uam
967 3282 1113 3366 sparsuilet

113 3370 305 3427 Romanorum
322 3372 445 3436 utilitas,
475 3391 520 3446 pet
540 3374 664 3447 quemvis
682 3371 799 3447 legatum
818 3387 859 3426 res
875 3367 988 3445 transgi
1000 3356 1111 3443 potuisset·

113 3441 245 3501 miserunt
264 3465 353 3502 tamen
376 3449 533 3525 Regulum,
559 3466 640 3523 quem
656 3450 744 3503 uirum
762 3442 982 3520 sapientissimum
999 3454 1112 3521 cognose·

113 3535 196 3579 rant,
226 3541 307 3597 quem
323 3522 494 3581 fortissimum
513 3528 707 3598 Imperatorem
721 3523 823 3597 experti
837 3517 964 3583 fuerant,
991 3523 1060 3589 cujus
1077 3530 1112 3569 au·

113 3596 284 3658 dictitarem,
305 3607 332 3656 δι
345 3604 460 3676 gratiam
475 3600 612 3659 summam
623 3596 747 3675 elleapud
757 3596 1017 3679 suosintelligebant.
1037 3594 1111 3671 quart?

114 3668 165 3731 nis
177 3673 249 3747 quod
263 3691 323 3733 eam
338 3681 565 3755 permutationem
579 3676 646 3734 adeo
662 3695 755 3735 eontra
766 3674 961 3753 rempublicam
976 3676 1112 3795 Romampp

1075 3760 1088 3797 e
