2490 4500
1056 230 1131 339 289

108 338 239 415 munitat.
259 342 353 393 etrtrre
363 351 426 391 urm
437 335 467 389 ia
483 350 545 390 cara
561 336 600 389 r'er'
614 327 760 411 semidocti
777 328 879 392 cecidit.
904 333 954 391 Μ
969 337 1036 392 enlm
1052 348 1126 411 pere·

111 410 176 471 oic'trt
192 415 288 487 querit
310 430 362 468 troo
379 426 409 467 or
419 411 520 485 finem,
539 409 590 483 scd
606 408 729 485 adrasum
745 409 906 484 ueccffitrr'um
924 416 1002 468 rorice
1017 416 1121 477 domur,

111 490 307 577 priqlfinirrtr.
333 489 399 543 rende
411 485 558 561 familiaris
567 504 630 543 cura
641 489 750 560 finitam
761 491 922 563 cupiditatem
938 488 1020 544 bader,
1058 490 1121 545 dito

112 584 122 621 r
139 568 186 623 'rut
196 585 232 621 ex
249 560 334 619 Arist.
351 564 454 619 rarione
466 558 525 617 eu'm
541 578 731 625 mercaturam,
741 583 800 638 quar
812 561 845 619 ad
857 562 933 621 olum
946 560 1116 621 necessarium

146 660 202 699 mus
216 637 362 703 reseratur,
383 644 409 695 dt
425 636 588 713 propofitum
604 640 679 695 illum
692 636 774 695 finem
793 636 903 704 habear,
918 635 966 697 esse
979 641 1012 697 ab
1023 644 1116 697 omni:

114 714 353 793 burprobandatu,
373 714 436 791 qula
454 732 509 769 non
521 714 647 770 abhorret
664 731 797 778 enatura,
819 734 877 789 qua
895 736 957 771 uero
973 719 1115 791 pecuniam

114 812 212 871 propter
232 792 258 849 se
277 791 388 869 quaerit,
406 798 432 847 dt
448 790 564 865 expetit,
584 790 801 865 vituperandam,
822 793 885 871 quia
902 786 1059 848 disl'entauea
1078 790 1118 850 esi

114 888 217 927 oarorae.
242 887 279 925 ex
297 886 353 943 quo
370 863 508 923 conficitur
529 867 676 923 universam
696 886 891 931 mercaturam,-
905 886 960 924 uon
974 867 1118 927 tit-Celiur

114 946 172 1009 rulr,
186 944 356 1022 probandam
370 938 434 1005 else,
449 941 489 997 vel
504 941 685 1010 rejiciendam.
705 944 842 999 redeamus
859 962 929 1001 uuoc
944 943 977 999 ad
992 949 1034 1000 M.
1049 944 1119 1001 Tul⁴

114 1019 197 1085 lium,
223 1026 250 1079 dt
270 1037 394 1095 quaenam
417 1016 447 1073 fit
471 1020 528 1091 ejus
552 1037 629 1075 meos
652 1016 857 1075 confideremus.
893 1021 917 1075 is
936 1034 1115 1077 mercaturam

115 1115 219 1154 omnem
231 1092 386 1153 illiberalem
397 1091 448 1151 else
460 1094 540 1157 dicit,
562 1112 741 1168 preteream,
762 1114 819 1171 que
833 1091 922 1151 satiata
935 1093 1052 1170 questu,
1072 1094 1113 1152 vel

114 1190 229 1229 contenta
246 1174 336 1247 potius
353 1168 379 1226 st
396 1174 424 1227 in
438 1188 533 1248 agros,
556 1163 769 1245 posl'essioncsquc
789 1172 937 1229 rontuleilt.
966 1169 1020 1229 hac
1038 1172 1114 1229 eninr

116 1246 209 1305 ridetur
229 1252 400 1324 iureoptrruo
414 1246 555 1303 laudanda.
575 1245 641 1320 quid
657 1248 710 1302 itar
730 1248 858 1321 quoniam
875 1264 998 1305 contenta
1010 1240 1113 1323 quaestu

117 1322 161 1397 jan
175 1323 302 1397 quiescit,
315 1331 342 1379 dt
351 1320 433 1379 linem
448 1322 585 1398 cupiditati
599 1320 676 1386 serit,
690 1342 721 1379 ac
736 1320 795 1377 ulirs
812 1326 847 1378 rei
859 1320 998 1380 familiarrt
1010 1325 1113 1381 rectam

117 1401 239 1457 rariorum
253 1398 356 1455 habuit.
377 1400 477 1473 reliqna
488 1401 577 1454 omnis
589 1408 736 1454 mercatura
748 1397 867 1460 sordida,
878 1408 904 1457 dr
918 1399 1050 1457 illiberalis
1061 1394 1110 1457 est,

119 1470 211 1533 ineest
231 1472 345 1533 homine
359 1470 443 1531 libero
463 1475 585 1554 rndigna.¹
616 1472 730 1548 proferat
752 1494 820 1531 nune
839 1475 951 1551 aliquis,
974 1472 1113 1553 srporest,

117 1552 222 1627 aliquem
243 1552 313 1609 l‘lril·
339 1554 386 1627 qui
408 1568 582 1606 mercaturam
605 1552 672 1605 inter
698 1570 765 1608 atres
787 1551 906 1609 liberales
924 1553 1115 1608 numeraverit,

118 1628 228 1703 equidem
245 1630 357 1683 invenio
375 1630 510 1683 Platonem
532 1628 560 1681 iu
582 1625 650 1681 libro
665 1626 697 1681 de
709 1626 762 1701 leq.
775 1629 871 1685 odlaro
884 1642 981 1705 negare
991 1642 1114 1685 mercato·

119 1722 163 1769 rcr,
182 1706 214 1767 dr·
232 1706 328 1788 opifices
342 1722 422 1760 omnes
441 1702 488 1779 effe
505 1706 590 1766 cluet,
620 1701 692 1776 quod
711 1692 782 1757 idem
801 1705 829 1760 in
846 1708 926 1761 terrio
943 1703 1114 1778 politicorum

119 1778 192 1837 Arist.
205 1784 359 1837 conlrrrnat.
388 1782 439 1835 stoc
456 1775 585 1834 definiens
604 1783 670 1835 ciues
684 1792 731 1852 prp
748 1784 785 1833 rie
802 1801 851 1835 non
863 1777 923 1854 effe,
936 1778 990 1855 sed
1001 1796 1042 1835 cor
1053 1788 1115 1835 retia

119 1868 182 1923 m,
198 1860 244 1931 qui
257 1858 433 1930 rempublicam
446 1854 639 1928 adntinistrtnr.
665 1793 747 1928 quos
749 1854 874 1910 illiberale
885 1852 938 1917 est,
958 1856 986 1910 itt
1001 1853 1114 1910 lromind

119 1930 207 1989 liberali
218 1930 302 2009 potest
315 1934 434 1988 laudati?
454 1931 513 2000 quis
525 1929 576 1986 hoc
586 1932 711 2004 cuiquam
723 1926 889 1986 rotrcclserit?
909 1936 1002 1986 rerutir
1015 1930 1114 1987 Creliur

118 2008 262 2065 Ciceronem
276 2025 363 2085 purat,
376 2026 434 2083 quae
446 2008 533 2063 renuis
546 2006 586 2070 fit,
600 2024 775 2063 mercaturam
795 2008 951 2081 vituperate,
962 2024 1021 2061 eam
1034 2023 1115 2071 reto,

119 2098 167 2157 qua:
179 2103 279 2163 magna
291 2082 323 2142 fir
335 2090 361 2141 dt
375 2082 479 2158 ampla,
502 2082 616 2139 laudare.
635 2088 662 2139 dr
675 2081 736 2137 ideo
747 2080 912 2158 dequallrate
924 2102 978 2138 uon
991 2080 1116 2157 dequrtr·

90 2184 92 2194 ·
120 2160 182 2217 tlrate
191 2164 220 2219 in
230 2159 406 2237 quaestionem
421 2154 468 2215 else
479 2158 554 2215 dicit.
575 2157 617 2215 sed
630 2155 740 2215 sarritur.
754 2176 818 2214 nam
832 2164 858 2215 &
870 2158 902 2214 de
918 2161 1064 2234 quantitate
1074 2152 1116 2214 est‘

119 2233 233 2307 mallio,
253 2254 340 2312 oeque
351 2254 465 2313 magna,
487 2240 512 2291 dt
523 2235 628 2311 copiose
642 2251 785 2291 mercatura
796 2233 931 2299 laudatur,
950 2252 1042 2293 rerum
1056 2244 1116 2289 nou

118 2308 265 2371 admodum.
289 2312 318 2369 id
337 2310 376 2369 est
394 2313 511 2367 omniuo
529 2315 700 2385 vituperatur.
725 2328 789 2366 nam
809 2307 921 2387 persae'pe
939 2310 1018 2367 ineo
1039 2306 1115 2377 seusu

116 2386 264 2449 Mollior
278 2386 347 2445 hanc
362 2388 516 2464 particulam
531 2385 648 2459 usurpat.
669 2404 698 2443 ut
714 2386 743 2441 in
756 2390 849 2443 Bruto.
860 2406 919 2442 nam
937 2388 1013 2462 plant
1026 2386 1117 2463 inquit

113 2462 256 2541 perfidiam,
279 2468 312 2527 ὰ
326 2469 365 2521 coi
384 2465 450 2520 nidis
462 2467 594 2519 meinrodum
611 2462 691 2534 distr,
714 2460 895 2518 Demosthene
910 2461 986 2520 facile
1003 2460 1116 2519 dixeritt

114 2540 177 2597 &de
191 2544 310 2599 Oratore
321 2541 387 2595 nisti!
396 2544 528 2597 admodum
546 2538 636 2614 scripti
655 2540 771 2615 reliquit.
800 2538 873 2613 quod
890 2536 907 2595 sr
927 2538 1009 2614 placet
1028 2540 1117 2593 armos

111 2618 161 2673 datr
179 2636 230 2695 pro
247 2620 355 2673 maltam
375 2614 419 2671 liic
435 2610 484 2672 eise
504 2614 639 2689 positum,
661 2628 716 2671 oon
741 2614 847 2676 laboro,
869 2614 934 2671 dum
950 2613 1115 2691 intelligatur

110 2708 211 2751 tenuem
227 2704 403 2751 mercaturam
417 2685 577 2769 eiseprorsut
588 2689 804 2767 vituperandamr
825 2689 960 2766 copiosam
971 2708 1045 2752 vero,
1054 2700 1115 2763 qur»

109 2770 190 2827 tuulra
203 2768 324 2843 undique
337 2786 471 2843 apportet,
493 2766 636 2841 multisque
650 2762 705 2823 line
718 2768 840 2823 varietate
853 2769 1037 2844 impartiatur,
1056 2778 1115 2822 uotr

109 2850 225 2905 omnino
239 2844 283 2903 seu
303 2846 420 2901 multum
441 2843 653 2920 vituperandam.
679 2844 724 2899 ubi
740 2839 888 2899 oslendirur
901 2856 1044 2919 utramque
1059 2842 1116 2898 sot·

106 2920 214 2985 didam,
243 2928 272 2981 ot
290 2921 445 2977 illiberalem
466 2920 549 2993 accipi
566 2937 703 2994 oportere,
723 2917 766 2975 sel
783 2920 811 2974 in
829 2937 863 2974 eo
880 2914 987 2975 differre
1006 2934 1112 2973 tentum

105 3000 172 3077 quod
185 2998 233 3057 illa
245 3000 350 3075 magis,
371 3002 398 3053 δι
413 2995 468 3053 lraec
481 2997 572 3053 mittut
585 2996 758 3069 vituperanda
772 2992 812 3051 fit.
832 3012 924 3070 parum
938 2996 1013 3051 euim
1027 2992 1114 3049 tenui!

107 3070 224 3153 prodelse
236 3072 324 3151 potest
335 3072 376 3129 rel
387 3072 462 3136 aliis,
478 3071 517 3127 vel
530 3070 593 3134 srbr,
613 3070 662 3128 uisr
676 3071 953 3147 merttiaturscopiosa
967 3084 1028 3126 vero
1041 3069 1113 3127 titul·v

105 3169 161 3211 tunt
176 3148 235 3209 litte
246 3166 377 3211 uanitate,
398 3154 426 3205 dt
440 3147 530 3203 multis
549 3144 664 3223 prodesse
680 3144 774 3224 potest.
801 3165 843 3209 at,
863 3162 922 3219 quae
937 3147 1028 3203 sauata
1042 3160 1116 3218 qrtted

107 3224 148 3286 ltu
156 3230 185 3285 in
202 3244 287 3304 agros
303 3228 354 3283 'am
366 3223 392 3281 se
401 3226 528 3287 romulu,
538 3242 674 3300 propterea
687 3222 789 3279 laudari
800 3222 900 3297 potest,
909 3221 981 3298 quod
993 3218 1111 3278 edulium

107 3298 276 3361 ottelsariont
291 3246 392 3359 lomus
410 3297 517 3371 quasrta
533 3298 636 3356 ridetur
656 3294 714 3355 else.
741 3316 771 3356 ut
789 3301 845 3367 cius
859 3298 968 3355 dorniui
983 3301 1037 3372 j'am
1053 3308 1116 3354 rere

107 3376 161 3442 lint,
171 3378 270 3442 diriter
286 3373 454 3454 appellandi,
478 3378 608 3449 namqui
621 3374 769 3453 frumento,
791 3394 874 3438 orno,
898 3377 967 3442 eico,
991 3376 1024 3435 ὁ·
1040 3374 1116 3431 reiut·

108 3454 224 3533 tjtsutdt'
244 3456 401 3517 abundant,
426 3455 522 3508 edorres
537 3456 620 3527 patiar
638 3452 672 3509 ab
692 3449 773 3508 Arist.
792 3455 932 3515 dicuntur,
957 3464 1033 3525 quam
1052 3450 1115 3507 retr

109 3536 239 3590 merl.
266 3530 392 3589 homines
412 3529 486 3584 enirn
506 3526 560 3587 sne
581 3529 693 3602 pecunia
708 3528 836 3603 quidem,
854 3525 910 3583 siue·
923 3528 957 3585 ii't
974 3542 1038 3583 reto
1056 3522 1115 3581 sttr⁴

113 3608 210 3673 druis,
228 3612 277 3683 qui
286 3626 321 3683 ep
333 3622 408 3663 terrae
418 3604 489 3662 cultu
503 3604 695 3679 percipiuntur,
707 3606 794 3659 rivere
808 3622 864 3659 non
879 3600 994 3677 possum.
1006 3619 1033 3658 at
1044 3600 1115 3657 dietr

115 3682 219 3761 niquis,
238 3684 315 3743 Plato
326 3686 354 3738 iu
369 3683 479 3739 cioirara
491 3679 556 3757 sire,
574 3692 726 3737 mercaermm
738 3683 780 3735 alr
795 3665 840 3754 effi
853 3677 1015 3755 mceffirmor,
1036 3689 1066 3732 ur
1082 3688 1115 3729 ec

118 3774 257 3837 operteat,
274 3760 470 3877 periuriorem
482 3758 610 3827 arradit,
627 3757 659 3823 dr·
674 3773 722 3825 m,
739 3758 831 3889 paritr
843 3770 950 3823 carcar,
967 3759 1120 3884 rapum
