2490 4500
715 308 717 313 ψ
843 279 919 370 309'

90 358 217 431 iniustus,
238 364 266 417 δι
278 359 394 436 impinst
413 375 443 425 ut
463 364 561 421 merito
574 362 717 423 publianus
727 361 819 423 dixiffe
831 368 922 427 videa·

90 442 125 495 tui
132 441 235 513 perdit,
257 456 306 508 quo
312 436 441 511 seservet
455 441 483 493 itt
494 443 637 516 reliquom?
656 440 705 499 Sed
718 441 800 519 ionge
811 444 921 511 melius,

90 522 129 570 'eta
151 513 261 587 quidem
281 511 427 571 Hetrusens
450 518 558 573 ιιιιιιὶιιιιι
575 521 705 585 virtutum
724 518 920 592 fiendauentunt

90 594 266 646 tonantiavit:
286 590 358 658 cnjus
380 590 460 646 verba
476 594 572 668 quouis
591 595 698 669 poetito
718 593 794 651 melle
813 593 918 653 suavio-

90 665 202 721 rnndam
224 668 261 723 im
283 668 412 722 tritorum
430 670 536 725 rotulas
552 669 786 744 pertimescerem,
806 669 917 730 libenter

90 745 129 798 tio
140 743 214 798 enim
224 746 244 803 ,'
255 685 347 798 (icum
362 743 456 798 Latina
468 743 601 801 locutione
615 746 749 819 vulgarem
764 743 916 805 sermonem

90 854 95 880 ‚
116 837 172 874 non
184 815 337 881 defuturos,
357 821 405 894 qui
417 819 587 877 vehementer
600 819 720 883 rideant,
740 827 767 879 δι
784 839 915 897 tanquam
980 864 986 875 .

90 914 112 948 nr
126 911 203 969 atque
216 895 334 969 ineptam
348 898 507 969 vituperent.
531 899 591 972 Ego
606 914 668 951 vero
679 915 735 951 noo
749 896 837 960 video,
848 918 917 973 qua.

91 968 122 1025 fit
136 968 189 1025 hoc
201 969 430 1045 improbandum,
448 990 510 1028 cum
526 968 670 1047 prasertim
686 974 753 1028 dnos
770 970 917 1031 habeamus

90 1052 166 1110 ieras,
186 1065 243 1103 tam
260 1048 393 1125 elegantes
411 1052 437 1103 δι
451 1046 586 1110 eruditos,
608 1064 637 1103 ut
656 1066 741 1123 neque
756 1048 857 1106 Gtae'eis
875 1051 918 1109 nl·

90 1123 162 1177 trinis
173 1123 266 1179 cedere
279 1124 428 1179 videantur.
466 1123 551 1198 Quod
569 1122 586 1179 st
605 1121 746 1197 pulchrum
764 1143 913 1199 putamus,

90 1198 150 1253 :inis
161 1201 254 1255 Graeca
268 1196 486 1273 permii'cere,ent
498 1219 553 1255 non
566 1199 638 1255 idem
651 1200 733 1253 etiam
748 1202 776 1254 in
790 1201 848 1257 aliis
862 1201 914 1257 hn-

93 1271 173 1328 mode
186 1271 250 1340 fiat,
270 1273 424 1331 laudemus?
445 1273 494 1331 Sed
512 1275 595 1331 rideat
613 1275 660 1349 qni
675 1276 761 1338 volet,
781 1294 833 1349 ego
846 1295 915 1334 cette

90 1369 117 1412 n,
132 1350 204 1426 quod
216 1350 248 1405 ad
264 1347 515 1424 haneqnaestionem
529 1346 644 1407 mirifice
657 1352 796 1412 convenit,
811 1369 825 1405 e
841 1354 915 1407 Dun-

90 1429 168 1483 Jo'e'tae
179 1423 304 1482 Paradiso
318 1424 477 1501 decerpam,
498 1446 554 1505 qno
570 1444 596 1485 te
606 1425 710 1489 futilius
724 1423 859 1489 refellam:
879 1426 913 1491 stc

98 1580 126 1635 la
139 1578 221 1656 fl’d‘u
238 1581 297 1652 ogni
310 1580 385 1634 virtu
395 1577 425 1652 fi
435 1577 532 1653 fiendo.

90 1661 111 1710 St
129 1652 284 1731 ingeniosus
297 1651 397 1717 homo,
420 1653 591 1728 perfidiosum
607 1657 750 1715 hominem
773 1655 844 1713 nulla
856 1657 912 1713 vir·

90 1750 105 1785 n
120 1727 170 1786 effe
185 1728 268 1804 poffe.
293 1732 360 1804 Qno
369 1732 463 1815 &²3⁵⁹
475 1732 610 1791 irridenda
619 1731 659 1789 est
670 1733 774 1789 inscitia
785 1750 846 1794 tna,
862 1734 911 1805 qui

90 1824 151 1864 rtem
173 1825 283 1861 omnem
298 1824 399 1877 acquiri
421 1802 489 1878 poffe
503 1806 654 1864 existimes:
674 1826 733 1863 eam
750 1809 823 1863 enirn
834 1807 911 1878 justi·

90 1901 192 1938 nonem
212 1886 336 1937 virtutem
355 1880 544 1953 ampiestitur.
562 1882 684 1957 procula
705 1880 757 1937 fide
773 1890 910 1939 remotam'

90 1977 156 2032 aque
177 1976 224 2012 tuo
244 1956 358 2029 jndicio,
382 1952 497 2011 Perfidus
516 1956 601 2013 homo
616 1955 811 2020 saneiiffimns,
830 1975 911 2032 atque

93 2031 258 2108 quodquam
271 2029 413 2089 absurdum
431 2029 477 2094 fit,
492 2034 573 2089 etiam
585 2052 667 2107 puero
680 2033 845 2108 perspicuum
858 2031 908 2089 est.

90 2107 157 2165 idem
177 2106 297 2164 irtiss'tme
319 2125 407 2182 putere
425 2109 631 2171 contendimus,
652 2127 681 2165 nt
702 2109 773 2165 nnila
793 2104 910 2182 perfeeia

90 2206 117 2241 re
133 2180 186 2241 side
207 2182 299 2256 potiit:
325 2189 352 2239 &
372 2201 462 2238 tamen
480 2182 533 2239 stne
550 2187 647 2239 virtute
667 2181 731 2241 fides
752 2185 907 2241 invenitur:

90 2266 163 2317 ¹arios
180 2265 258 2314 etiam
277 2262 433 2318 &latrones
448 2258 614 2331 sepenumero
620 2262 687 2334 fider
699 2260 733 2333 est
741 2298 749 2323 ,
764 2280 818 2315 cum
832 2263 860 2315 in
872 2260 908 2317 eit

90 2358 130 2399 ut,
152 2335 201 2406 nifi
210 2333 320 2411 fottaffe
337 2337 428 2409 aliquo
438 2332 545 2408 justitie
562 2337 692 2410 porticula
715 2337 758 2404 (nt
771 2335 847 2391 docet
859 2337 908 2395 ci-

90 2417 111 2468 ei
128 2415 245 2467 adheret.
286 2414 388 2467 Omnis
402 2414 476 2467 eninr
496 2411 602 2483 justitiae
619 2430 678 2486 pars
698 2410 749 2468 side
763 2408 906 2467 stabilitur.

94 2487 181 2544 rillud
196 2482 309 2565 Agesilai
324 2486 444 2551 distum,
465 2489 512 2562 qui
524 2507 586 2546 cunr
607 2488 782 2564 interrogatus
802 2481 907 2549 fnisset,

91 2563 150 2638 estet
172 2567 281 2625 virtus,
311 2562 461 2636 Iustitiam,
491 2584 526 2618 em
548 2565 709 2620 Fortitudo?
742 2559 906 2638 Respondit:

97 2634 206 2707 ιίιᾶἶιείιις
239 2633 294 2707 tiraq
320 2632 356 2705 μὴ
383 2634 492 2706 ttupu'ontt
518 2635 671 2698 penitudine.
719 2641 741 2695 tt'
767 2634 791 2693 δι
820 2635 910 2692 tii'ttttttt

90 2739 95 2766 ι
115 2712 186 2775 utt'tr
202 2709 307 2787 mpetu
325 2711 491 2781 napinam.
531 2716 638 2770 Nullam
649 2713 819 2790 fortitudinis
833 2715 910 2768 utili·

90 2792 115 2863 β
131 2790 237 2863 justitia
262 2790 390 2866 adpetiit:
412 2809 473 2845 notu
491 2790 519 2862 fi
538 2789 569 2864 jn
593 2793 603 2843 i
619 2791 831 2865 percontante,
852 2787 909 2860 for·

111 2882 168 2936 opus
185 2864 250 2940 effet.
288 2865 337 2922 Sed
362 2884 443 2920 nemo
462 2864 544 2935 justus
563 2859 611 2920 eise
633 2862 732 2941 potest,
755 2863 804 2921 nili
824 2861 908 2920 fidem

90 2941 157 2998 iestis
175 2942 303 2998 omnibns
321 2938 519 3018 diiigentiffime
538 2938 657 2996 servarit.
683 2960 748 3017 ergo
764 2940 797 2999 ad
817 2939 910 3013 acqui-

90 3021 144 3074 iam
154 3055 161 3082 ‚
172 3036 231 3090 quae
246 3019 374 3074 virtutum
387 3018 513 3072 omnium
527 3018 620 3093 regina
629 3015 667 3071 est
678 3036 707 3072 ac
720 3016 844 3075 domina,
856 3012 908 3069 fide

90 3091 152 3149 test.
183 3093 266 3165 Quod
281 3092 299 3151 st
312 3091 385 3151 nulia
395 3089 459 3153 fides
474 3090 521 3157 stt,
543 3110 629 3167 neque
641 3090 786 3148 hominum
799 3087 910 3149 societas

90 3189 121 3233 ις,
145 3189 229 3242 neque
242 3171 301 3226 vira:
317 3171 515 3231 communitas,
537 3186 619 3225 nemo
632 3185 790 3223 communes
809 3166 911 3221 utilita-

90 3266 106 3301 n
121 3242 229 3309 afferet,
240 3245 389 3303 mutatione
398 3242 552 3302 officiorum
564 3242 654 3299 dando
666 3250 693 3299 &
704 3239 870 3315 accipiendo,
879 3239 910 3296 in

91 3323 139 3378 bus
154 3322 204 3375 erit
219 3318 404 3377 constantia&
415 3321 519 3376 vetitas.
542 3321 634 3394 ltaque
647 3319 742 3392 peribit
755 3318 846 3373 omnis
861 3313 911 3373 ltu-

90 3437 96 3453 .
109 3397 299 3472 praetlrtevero
313 3395 434 3452 describit
442 3394 574 3457 Horatius
583 3397 613 3455 in
621 3393 786 3453 Odistirnm
797 3389 912 3469 justum,

90 3472 115 3528 le
128 3472 269 3546 ptaeditnm
283 3471 324 3528 hir
340 3472 441 3533 verbis:

90 3569 106 3601 tt
121 3552 153 3608 dt·
166 3563 274 3603 tenacem
291 3547 410 3622 propositi
420 3550 508 3604 vitum

93 3626 188 3679 civium
203 3627 284 3679 ordor
301 3640 388 3695 prava
401 3622 548 3696 jubentium

90 3701 177 3754 vultus
191 3698 314 3773 instantis
327 3702 445 3775 lfpronnt'

90 3788 108 3831 ,ι
123 3780 212 3852 quam
227 3773 328 3851 [ιιιιι.
350 3783 448 3852 &qux
463 3773 619 3853 sentum·
664 3864 678 3920 ᾗ
870 3844 932 3905 tm

623 3867 639 3907 t
