2490 4500
108 227 187 325 '236
230 317 235 323 ,
1097 314 1100 321 .

275 399 473 471 Duodecim
490 403 575 471 Calli
592 403 773 499 Calcngnim'
789 392 966 493 disquisitio.
1109 492 1112 497 1
1134 402 1148 485 l

164 556 261 616 Vlehre
276 556 430 616 Aristoteles
441 560 469 614 in
484 557 607 625 Ethicis,
632 566 659 617 &
674 555 827 614 Plutarchus
838 557 869 612 iu
882 554 1104 613 commonueriodr

165 637 268 727 Virtute
284 637 378 692 morali
391 633 1035 723 ostendunt,'intercontinentem'r'ncontinennenr,
1056 646 1105 719 len·
1133 668 1148 711 3

108 704 1122 862 nlla.:lllltllllllldl‘lltdlllllt„31¹1”lllll,.

108 866 191 923 dolet.
203 867 317 954 'Contra
330 882 481 941 temperans
495 866 596 923 nullam
611 866 688 922 habet
698 864 799 922 lostam
814 900 823 927 ‚
852 860 895 919 sed
909 862 1008 947 pacatis
1019 855 1105 926 alfedi·

110 945 161 1005 hm
170 959 239 1074 upppu
228 962 300 1074 tritine
308 1018 498 1093 tranquillum,
518 1019 588 1091 quad
597 1018 670 1073 nullo
682 1016 823 1093 impellitur
836 1016 917 1071 tandm

109 1099 379 1170 Intemperansreto‚
401 1093 455 1149 fine
466 1095 537 1151 ludia
548 1112 644 1151 manus
656 1092 702 1149 dat
713 1088 871 1155 affestibus,
893 1085 1105 1168 sequeobstqutll·

108 1193 164 1236 tsut
177 1174 319 1233 adnutum
331 1172 457 1227 omnium
471 1171 638 1247 voluptatum
652 1169 745 1247 sponte
758 1164 908 1245 proliterur.

269 1315 329 1379 M.
345 1316 423 1379 Ant.
441 1311 617 1407 Majoragii
634 1311 754 1399 Decific
769 1306 963 1409 duodecima.

167 1470 245 1527 lmile
259 1466 321 1525 huic
330 1465 370 1523 est
381 1469 462 1523 etiarn
474 1463 549 1542 quod
562 1466 700 1547 sequitur,
729 1466 770 1522 nel
791 1466 877 1523 multo
893 1465 977 1520 etiarn
992 1463 1105 1540 ineptiutt

112 1471 235 1619 Snihil
247 1543 286 1598 est
297 1546 371 1600 enim
388 1546 416 1599 in
430 1561 485 1617 quo
497 1543 656 1609 Ciceronem
670 1541 844 1619 reprehendas
861 1584 868 1608 ‚
894 1549 922 1599 8(
942 1559 1033 1597 tamen
1050 1542 1108 1597 loco·

111 1641 172 1677 runt
189 1638 331 1676 numerum
345 1638 434 1695 anges.
475 1617 584 1675 Pulchre
603 1622 726 1697 (inquis)
750 1616 904 1674 Aristoteles
915 1619 945 1673 in
958 1617 1070 1678 Ethitis‚
1086 1620 1106 1671 lt

110 1695 265 1753 Plutarchus
281 1697 309 1767 in
320 1697 516 1752 commentatio
528 1694 562 1750 de
574 1697 679 1753 Virtute
690 1696 788 1751 ntotali
800 1693 962 1751 ostendunt.
982 1695 1109 1750 intercon-

109 1778 228 1829 tinenaem
247 1774 280 1834 dn
298 1775 518 1835 lneonrinennetn,
542 1774 755 1846 Tempernnrenr,
783 1773 1040 1845 lnrernpernntenapne
1055 1762 1110 1843 quil

109 1844 228 1907 differat.
255 1848 361 1905 Deinde
373 1845 521 1905 Aristotelrs
532 1847 701 1906 &Plutarchi
716 1847 872 1904 sententiam
885 1849 1014 1922 exponit.-
1033 1846 1111 1901 const·

109 1946 241 1983 nentrum
262 1925 394 2001 affidlibrcs
410 1924 584 1989 collaetatur,
621 1928 653 1987 ὁ*
672 1929 776 1981 uincire
802 1927 963 1981 incontinens
984 1920 1112 1978 relullem

107 2007 230 2080 quidem,
249 2001 491 2079 scintillatione,
514 2004 615 2058 Contra
634 2006 783 2076 Temperans
802 2001 901 2056 nullnrn
919 2001 994 2057 babet
1014 1997 1112 2057 rouen,

100 2077 517 2156 Jedpeeatiraffir‘lilururinur:
547 2080 718 2155 lnnempernnr
734 2097 797 2134 uero
808 2077 865 2148 fine
883 2077 955 2132 lulla
976 2094 1064 2130 menas
1075 2075 1112 2127 del
1145 2072 1148 2077 ’

107 2155 248 2232 affinibus.
272 2158 337 2211 Haec
350 2154 410 2210 sane
422 2153 542 2228 praeclare
552 2154 676 2212 dicuntur
686 2154 720 2210 ab
736 2152 898 2216 Aristotele,
925 2159 954 2209 &
969 2146 1111 2208 Plutarchor

109 2226 605 2306 sedquidadhuncciceronislocum?
626 2246 671 2286 aut
683 2230 749 2306 quid
762 2229 795 2286 ad
810 2226 967 2287 officiorum
985 2240 1112 2306 praeceptis

109 2328 168 2379 que
184 2306 264 2362 tradit
277 2309 388 2361 Cicero?
412 2309 459 2360 Me
475 2323 542 2363 cette
555 2307 713 2379 jamdudum
731 2304 875 2383 suppudet,
896 2306 1009 2362 hirtam
1025 2304 1114 2361 ternu

107 2383 302 2453 objelhionibus
317 2383 370 2436 tuis
382 2379 482 2437 diutius
498 2384 665 2439 immorari:
695 2401 744 2439 nec
764 2381 841 2438 rideo
860 2381 927 2458 quid
948 2378 1121 2455 rpspoudeatn'

107 2477 164 2515 tarn
179 2459 275 2533 ineptis
288 2456 514 2515 accusationibus:
535 2457 589 2527 haec
603 2456 641 2516 est
652 2462 725 2515 enim
751 2460 902 2535 lutopinor)
921 2476 967 2514 rua
981 2451 1112 2513 concludor

107 2537 202 2592 Cicero
211 2533 415 2589 nondeclaravit
427 2554 460 2591 eo
474 2533 570 2598 modo,
583 2554 639 2610 quo
659 2533 811 2593 Aristoteles
824 2542 852 2591 δι
867 2533 1037 2595 Plutarchus,
1059 2524 1115 2606 quil
1132 2588 1137 2595 ,

108 2614 177 2669 inter
191 2612 372 2666 continentem
389 2611 641 2675 &incontinentem
656 2609 798 2668 interellet:
818 2619 844 2668 &
857 2612 923 2687 quid
939 2613 1009 2666 inter
1025 2622 1117 2682 temps·

107 2705 211 2745 tantem
224 2694 250 2742 δι
265 2688 501 2761 intemperantem:
520 2706 587 2766 ergo
599 2691 725 2763 peccarit.
760 2692 853 2763 Papa,
874 2706 958 2763 quarn
974 2704 1049 2741 acute
1060 2684 1124 2739 cou·'

106 2761 230 2827 clusum,
255 2781 337 2839 quarn
357 2780 474 2838 argute,
503 2783 586 2841 quarn
604 2762 763 2840 ingeniose:
789 2764 907 2819 omnino
926 2760 1116 2837 chrynppeum

108 2839 160 2897 hoc
169 2857 244 2895 tuum
254 2836 293 2894 est
303 2856 510 2916 argumentum,
534 2858 580 2897 aut
590 2838 676 2917 siquid
688 2840 800 2895 validius
811 2839 864 2895 dici
877 2838 977 2915 potest:
1003 2836 1054 2893 hoc
1062 2850 1118 2890 reto

17 2928 23 2939 ‘
109 2917 228 2988 Zenonis
244 2913 374 2971 Achillem
387 2912 489 2990 superat
502 2937 508 2972 :
529 2915 676 2992 dignares,
697 2934 804 2992 propter
815 2934 898 2987 quam
910 2917 1054 2975 damnetur
1065 2928 1118 2967 nra·⁵

107 3013 198 3057 torum
219 2994 314 3053 Deus,
341 2991 414 3066 quod
429 2992 544 3049 noluerit
559 2993 630 3049 idem
648 2994 754 3057 dicere,
781 2990 854 3069 quod
877 2988 1055 3048 Aristotcles:
1079 3004 1119 3043 aut

109 3070 181 3140 quod
195 3088 250 3126 non
264 3068 426 3143 providerit,
446 3067 512 3145 quid
526 3068 619 3124 multis
629 3071 706 3124 annis
719 3067 808 3144 postea
820 3067 938 3125 dilluros
951 3063 1012 3124 elles
1026 3064 1119 3122 Plorat·

108 3146 185 3213 chus.
204 3143 254 3202 Sed
267 3143 314 3200 dio
327 3142 412 3205 milti,
434 3143 952 3220 quidprodestadofficiaconservanda,
973 3138 1118 3201 scircistam

108 3216 289 3285 differentiam
304 3229 314 3276 2
335 3219 383 3276 vel
397 3218 415 3276 sr
429 3217 509 3296 prosit
522 3221 603 3277 eriam
619 3259 628 3282 ,
655 3241 700 3285 cur
713 3221 801 3279 censes
815 3219 1002 3278 damnandum
1018 3220 1119 3274 Cicero·

109 3318 172 3368 nem
188 3336 196 3363 ,
222 3295 294 3372 qnod
307 3296 421 3352 noluerit
433 3294 524 3352 eadem
537 3295 623 3353 dicere
637 3334 646 3360 ,
674 3310 732 3372 quae
746 3315 822 3354 antea
834 3295 938 3353 dix-erat
950 3294 1116 3352 Aristoteles!

109 3373 186 3451 Qrid
201 3372 219 3429 li
233 3375 312 3452 longe
326 3374 433 3435 utiliora
444 3373 538 3429 Cicero
550 3373 614 3429 dicit
628 3375 658 3430 in
671 3372 719 3430 hac
730 3392 803 3447 parre
818 3409 825 3434 2
853 3390 935 3450 quant
950 3369 1118 3430 Aristotcles!

108 3450 211 3520 Eadem
218 3452 379 3526 egotationo
386 3444 482 3524 polstm
493 3446 661 3506 Aristotelem
672 3457 697 3507 δι
709 3447 874 3511 Plutarchum
883 3449 1030 3514 damnare,
1072 3442 1119 3504 uod

108 3528 194 3584 multa
208 3545 262 3580 non
279 3520 413 3590 dixeiiut,
434 3544 493 3602 quae
507 3524 636 3584 divinitus
649 3546 664 3583 a
676 3529 806 3583 Cicerone
819 3525 967 3589 uastantur
981 3547 989 3582 r
1010 3466 1070 3583 urii
1082 3523 1119 3579 di·

107 3623 192 3669 cant,
218 3619 272 3657 non
286 3596 337 3657 ello
349 3600 425 3659 usum
437 3598 604 3658 Aristotelem
618 3622 649 3659 ea
680 3598 1055 3666 ulchctrimadistributione,
1073 3614 1118 3675 qua

107 3681 215 3746 Tullius
229 3679 330 3741 utitur,
351 3697 412 3734 cum
429 3679 464 3734 de
478 3696 573 3753 quarta
584 3622 729 3736 honcdatis
741 3696 812 3754 parre
825 3677 902 3733 rerba
916 3676 996 3735 fac-it:
1017 3681 1047 3734 ln
1059 3675 1119 3734 enini

110 3757 219 3848 linquit}
244 3753 533 3844 automnsciprou,
553 3754 680 3833 trr'ostnt
692 3758 807 3822 tetrada·
848 3754 994 3827 tunm,
1014 3770 1043 3815 ur
1056 3766 1119 3842 appe
