2490 4500
103 224 207 402 :3¹3¹
230 316 331 397 ejuspm
337 333 372 397 pr
408 320 656 395 rioninmeegm.
693 319 847 399 quidquod
862 321 974 395 juvenes
984 320 1106 393 scicnnrm
1130 350 1132 389 ς

107 400 157 465 fibi
169 415 372 475 compararepo
391 416 459 461 unt,
487 415 550 473 pura
571 400 724 455 Geometrae
741 404 769 455 dc
790 396 891 457 Musici
908 397 983 457 effici
1001 398 1106 477 posunt:

128 475 218 535 nando
231 473 340 531 scientia
353 473 543 533 universalibus
553 469 665 531 constat.
704 472 747 531 sed
759 475 884 547 juvenem
899 476 1043 551 prudentia
1053 498 1106 554 pta·

107 495 197 611 sirum
214 569 270 607 uon
287 548 364 609 saciie
382 552 536 608 inveneris:
560 547 670 624 quaudo
684 546 771 609 haeca
788 552 995 626 particularibus
1009 555 1106 645 pendet,

107 647 223 705 quorum
242 628 348 685 notioni
366 625 489 702 prefecit
503 624 542 684 est
550 628 726 700 experientia.
763 630 848 705 Atqui
870 629 943 685 hauc
958 630 1061 701 intents
1075 629 1105 687 ob

106 722 212 765 :tatem
226 698 325 779 assequi
342 723 397 760 non
411 700 525 781 possunt.
564 706 627 771 Hoc
642 721 750 779 quoque
769 707 839 761 iuter
858 705 1020 781 prudentem
1037 704 1105 763 scitu·

106 800 216 857 temque
227 779 370 839 discrimen
383 779 577 859 agnoscimus,
604 783 788 856 quodprudrrr
803 801 876 839 enne
890 781 927 855 est
943 818 954 845 ,
980 782 1029 851 nis
1043 785 1117 839 imt-

105 858 216 932 r'detttfit
229 898 239 925 ,
264 853 284 913 fi
297 854 378 913 Arist.
390 856 540 915 credimus:
558 854 644 931 scient
654 858 730 911 malit
736 856 911 933 perurrfisqttr
920 861 1105 915 nttridurttirn

107 939 148 992 νεὶ
158 934 248 1009 potest.
285 954 345 990 nam
355 938 491 1009 prudentie
500 932 607 1007 opptfitae
618 932 653 1006 eli
664 931 780 1007 nerstttia
794 958 803 989 ε
820 932 940 1007 jiirrttt'ae
951 933 1059 1010 oelstse
1071 940 1105 990 ir·

99 1011 200 1087 stitia,
220 1012 267 1067 trel
276 1012 344 1065 niti!
353 1010 387 1084 est
398 1011 540 1086 opprſstum.
562 1008 690 1085 Voluptas
705 1028 735 1065 ac
748 1008 824 1065 dolor
836 1028 871 1066 ex
885 1004 1005 1073 confesso
1017 1010 1103 1067 nullum

106 1086 239 1145 invehunt
253 1083 485 1145 scientiaetitium.
523 1088 598 1143 Nam
613 1087 660 1161 qui
673 1085 806 1160 voluptate
816 1082 938 1148 fruitur,
968 1106 1014 1143 aut
1029 1088 1106 1143 dolore

106 1179 245 1239 torquetur
259 1199 269 1226 ,
295 1162 473 1219 nibilominus
489 1180 657 1237 compertum
677 1160 778 1225 habet,
808 1162 950 1237 triangulo
965 1163 1027 1219 treis
1040 1158 1106 1221 inde

106 1241 221 1317 angulos
231 1237 334 1296 duobus
346 1239 424 1295 tediis
435 1259 523 1315 pares:
545 1256 570 1293 at
587 1236 755 1313 prudentiam
767 1238 941 1313 dolor·aeque
954 1258 987 1297 ac
1001 1240 1105 1314 votnm

106 1315 266 1402 interpellat.
306 1315 424 1372 Prudens
434 1319 507 1371 enim
521 1311 643 1402 persaepe¹
653 1333 750 1370 manus
762 1314 808 1371 dat
822 1311 992 1378 affestibun
1011 1323 1104 1401 dtuuut

106 1388 1104 1554 dztzfdssl‘nn‘sss5¹?st{¹925Jsiss‘zdtssssszt‘s‘ssdnt

105 1542 163 1628 pud
175 1546 294 1599 Graecos.
317 1545 441 1617 Denique
454 1562 510 1630 non
522 1541 648 1629 strenua,
669 1540 712 1601 scd
724 1543 863 1630 prudentia
871 1543 994 1601 rtcrrllud
1007 1560 1101 1629 ptumu-

105 1617 273 1752 §indis
281 1617 1102 1779 sisinn?¹{3'3‘f'5d‘13'2s‘3''ssdz’sddtssssff‘sst

106 1790 142 1831 ne
157 1788 277 1827 moratus
290 1769 320 1827 stt
335 1772 445 1829 Pericles
462 1793 469 1829 ε
495 1792 550 1829 non
563 1770 710 1835 scientem,
735 1792 822 1849 neque
838 1772 1004 1849 sapientem,
1024 1768 1103 1829 sudrei

108 1849 288 1925 prudentem,
309 1847 350 1903 rel
363 1846 478 1916 iustum,
499 1851 539 1906 ves
551 1850 685 1907 liberalem
699 1848 906 1924 respondemus,
927 1850 969 1907 vel
983 1849 1034 1907 alio
1047 1864 1102 1921 quo·

106 1927 182 2002 piam
197 1926 302 1981 virtutis
312 1924 392 1981 titulo
403 1944 465 1982 eum
478 1945 652 1997 exornamus.
692 1924 832 1983 Prudentia
851 1942 978 2000 practerea
991 1924 1024 1983 ad
1037 1940 1102 2004 agru-

107 2001 173 2059 dum
187 2001 314 2076 pertinet,
336 2020 479 2079 rerumque
489 2004 652 2081 agendarum
667 2000 798 2059 delcsium
815 2001 907 2059 habet.
946 2021 1011 2059 nam
1026 2000 1102 2057 orauit

107 2080 214 2135 virtutis
225 2078 283 2135 saus
294 2080 323 2132 in
338 2077 444 2133 anione
456 2077 584 2136 consistit.
607 2083 642 2134 At
658 2076 765 2135 scientia
778 2097 835 2134 non
847 2079 876 2134 in
893 2079 1014 2142 astione,
1032 2074 1102 2133 sedin

108 2154 256 2292 rsnultatum
274 2154 493 2235 optimatumque
512 2175 603 2217 rtrum
622 2154 877 2233 disciplinarumque
890 2156 1046 2235 cognitione
1056 2168 1102 2211 ttr-

122 2250 190 2293 atur.

300 2385 357 2451 M.
369 2387 449 2453 Ant.
459 2391 637 2482 Majoragt'i
651 2387 769 2476 Deciſso
778 2383 924 2479 fecunda.
1025 2428 1028 2435 ·

113 2527 281 2676 SEquitur
295 2532 450 2608 importuna
463 2531 587 2605 quadam
600 2548 679 2605 atque
692 2532 777 2607 impia
789 2527 912 2606 digtrffto
927 2548 975 2588 tua
989 2568 998 2594 ,
1024 2530 1050 2585 in
1063 2542 1104 2602 qua

169 2608 275 2679 perinde
288 2628 318 2666 ac
333 2611 419 2667 vilior
430 2611 568 2679 crustant,
589 2609 697 2682 impuro
711 2627 773 2669 ote,
794 2626 824 2663 ac
839 2605 964 2672 uesat'ro,
987 2607 1105 2683 negligen-

111 2684 155 2740 tiae
163 2685 481 2742 Ciceroncminfimulas:
501 2682 664 2759 dammasque
677 2682 727 2741 hoc
738 2684 861 2740 divinum
877 2682 910 2741 de
926 2682 1035 2741 Officiis
1045 2679 1105 2735 solu·

111 2777 198 2823 meu,
227 2768 253 2817 δι
269 2764 307 2817 ais
321 2761 348 2817 id
361 2757 409 2817 esse
429 2757 649 2838 negligentissime
664 2757 867 2835 conscriptum,
900 2768 928 2818 δι
943 2762 1020 2817 ineo
1039 2755 1108 2813 milo

109 2832 250 2892 oscitanter
263 2831 364 2894 effusa:
387 2857 471 2916 neque
484 2856 509 2897 tc
523 2836 608 2914 pudor
621 2838 704 2900 ullus,
724 2855 769 2893 aut
783 2836 929 2895 hominnm
943 2834 1105 2895 existimatio.

12 2916 19 2929 '
111 2929 158 2971 aut
180 2914 257 2969 tacita
275 2912 456 2976 conscientia,
484 2933 529 2970 aut
544 2911 600 2990 ipsa
611 2915 707 2971 veritas
720 2911 803 2988 potest
817 2933 833 2969 a
845 2933 904 2969 tam
917 2910 1030 2971 scelestis
1041 2908 1109 2967 malr·

112 2989 193 3044 dinis
206 2986 366 3047 abstrahere.
384 2990 477 3066 Quid,
498 2988 604 3066 quaeso,
623 2990 836 3063 imprudentius,
856 3009 940 3064 quam
958 3008 985 3046 te
998 2989 1110 3045 omnium

111 3064 213 3138 judicio
227 3084 304 3121 tuum
317 3068 445 3139 judicium
459 3076 641 3143 anteponere?
668 3069 774 3122 Omnes
784 3069 858 3122 coint
875 3069 924 3143 qui
936 3066 971 3122 de
983 3067 1062 3125 literis
1071 3062 1109 3119 ali·

135 3142 179 3197 uid
192 3143 306 3214 judicare
319 3142 441 3220 possunt,
461 3140 512 3201 hoc
524 3163 592 3216 opus
606 3139 728 3199 mirificis
740 3142 861 3201 laudibus
874 3146 905 3199 in
918 3143 1016 3201 carlum
1025 3139 1109 3203 serunt,

113 3159 217 3293 semper
235 3217 387 3277 habendum
405 3223 434 3277 in
456 3220 581 3277 manibus
598 3219 726 3282 censent,
753 3218 786 3274 ad
803 3218 914 3275 verbum
932 3217 1107 3278 ediscendum,

114 3295 262 3370 plurimum
271 3295 339 3353 &ad
353 3315 460 3353 motum
471 3294 667 3353 institutionem
681 3295 917 3355 &adorationem
931 3296 1056 3352 Latinam
1067 3293 1109 3369 pte

110 3371 219 3429 niorem
232 3369 399 3430 efficiendam
413 3371 531 3449 prodess'e
541 3372 678 3432 testantur.
718 3376 790 3448 Ergo
805 3390 860 3427 non
874 3375 903 3427 in
919 3372 1009 3448 ipsum
1021 3385 1107 3427 rantum

113 3448 275 3502 Ciceronem
290 3448 432 3519 injuriosus
444 3469 470 3506 es
483 3486 492 3513 ,
514 3467 602 3507 vetum
614 3451 643 3505 in
655 3469 766 3512 omnes,
785 3452 832 3523 qui
845 3449 946 3523 ubique
959 3452 1020 3507 sunt
1029 3444 1107 3503 aciut-

113 3540 178 3581 runt
190 3522 285 3580 eruditi
299 3523 424 3583 homines
437 3564 446 3589 ,
474 3525 546 3601 quod
558 3545 604 3583 tot
617 3524 687 3583 nihii
700 3519 788 3583 vidisse
802 3563 810 3589 ,
841 3522 911 3582 nihil
924 3527 997 3584 tedis
1007 3512 1106 3599 judieii
1130 3582 1132 3587 ,

114 3596 231 3655 censeas.
271 3603 380 3659 Eximia
396 3603 514 3659 videlicet
524 3601 639 3679 quadam
655 3621 685 3659 tu
697 3601 803 3660 scientia
817 3600 960 3676 praeditus,
982 3618 1053 3659 acute
1061 3613 1106 3675 pn·

115 3672 209 3750 spicis,
230 3695 288 3763 quae
303 3678 370 3735 nulli
383 3698 502 3754 unquam
518 3680 709 3744 adverterunt,
729 3695 775 3734 aut
787 3697 845 3753 quae
857 3681 957 3735 Cicero
971 3679 1026 3815 ipse
1038 3673 1105 3745 vtdrtt

118 3772 174 3818 nou
190 3770 287 3836 potuit·
309 3760 345 3815 At
357 3774 410 3839 cgo
422 3756 514 3819 multis
523 3757 579 3833 jam
592 3756 758 3838 argumentis
770 3772 860 3835 aperte
870 3753 975 3817 demun
1000 3753 1051 3813 tari
1060 3762 1105 3881 ,ᾗ

1035 3846 1073 3887 om
