2490 4500
87 347 193 424 luptatis
209 342 401 425 comprehendi
423 346 532 404 doceat:
551 344 614 405 audi
634 348 717 422 igitur
730 350 786 423 ejus
799 347 878 408 verba
893 274 988 409 conii?

86 446 125 481 em
142 426 264 500 Epicuri,
288 422 534 481 &deluctantem
548 423 693 482 obturare:
712 430 779 502 Ergo
800 428 919 499 (inquit)
939 431 983 482 illi

86 516 130 566 nt,
152 504 219 573 quid
230 503 350 575 Epicurus
365 505 451 555 diret:
470 520 514 575 ego
532 521 580 556 non
596 504 731 576 intelligo?
752 506 788 559 Vt
803 503 867 559 scias
883 522 926 560 me
939 506 981 560 in-

86 614 93 640 ,
116 580 234 652 primum
259 577 329 632 idem
347 574 396 632 esse
413 577 473 631 diro
489 575 675 650 Voluptatem,
697 580 770 654 quod
789 579 832 637 ille
852 575 933 639 ilatio.
953 588 981 643 te

93 649 160 729 sape
172 655 318 721 eluerimus
332 655 440 709 verbum
454 653 579 707 Latinum
594 657 760 729 parerco,
782 655 891 729 &quod
906 655 979 712 idem

86 727 125 785 ltic
139 727 207 791 uiltil
222 725 273 784 fuit
286 727 358 804 qnod
378 747 566 802 quaereremus.
606 730 718 784 Nullum
742 733 855 787 inveniri
875 729 979 807 potest,

86 806 133 879 igis
148 804 218 859 idem
233 804 344 860 declaret
357 806 466 867 Latine,
487 803 559 879 quod
574 808 681 868 Gracc,
703 825 784 881 quam
800 807 913 863 declarat
925 810 980 862 Vo-

86 883 140 937 tuic
154 879 234 937 verbo
247 898 343 936 omnes
358 882 404 954 qui
417 879 515 955 ubique
527 877 601 942 sunt,
623 882 670 953 qui
684 883 778 941 Latine
791 879 891 945 sciunt,
911 881 978 940 duaa

86 958 176 1016 ciunt,
195 958 327 1021 Laetitiam
345 957 373 1011 in
389 960 498 1016 animo,
512 958 726 1012 commotionem
743 959 846 1013 suavem
860 958 981 1028 jucundi,

86 1050 195 1107 :utpote
236 1035 310 1089 Nam
324 1037 350 1091 &
368 1032 409 1088 ille
422 1031 490 1106 apud
500 1033 633 1087 Trabeam
650 1034 818 1109 Voluptatem
835 1036 920 1094 animi
936 1036 977 1090 ui·

86 1109 187 1164 etitiam
202 1107 284 1173 dicit,
305 1106 416 1171 eattdem
432 1126 513 1180 quam
533 1108 576 1163 ille
591 1107 763 1173 Caeninum,
784 1110 830 1185 qui
849 1109 978 1175 omuibus

86 1202 159 1243 erum
171 1179 220 1243 elle
236 1183 261 1240 se
275 1198 375 1245 narrat.
393 1182 441 1238 Sed
457 1181 507 1238 ltoc
520 1180 641 1247 interest,
658 1186 866 1260 quodVoluptat
879 1184 976 1243 dieitur

93 1256 294 1316 animovitiosa
310 1278 366 1318 res,
387 1260 499 1315 utStoici
515 1276 624 1334 putant.
645 1262 691 1335 qui
707 1280 765 1316 eam
781 1259 814 1318 fic
828 1257 974 1325 deliniunt,

86 1354 135 1390 tem
150 1337 234 1391 animi
250 1332 304 1391 fine
316 1336 418 1391 tatione
431 1336 567 1411 opinantis
583 1334 607 1391 se
623 1354 724 1413 magno
739 1335 811 1393 boun
824 1334 888 1393 frui.
910 1339 977 1401 Non

86 1413 167 1468 aritia
187 1430 272 1488 neque
290 1410 421 1486 gaudium
438 1414 466 1466 iu
484 1430 604 1484 torpore.
644 1415 676 1466 In
695 1431 727 1469 eo
744 1432 832 1471 autem
849 1414 978 1488 Voluptas

96 1489 187 1543 Latine
200 1489 367 1563 loquentium
384 1507 460 1542 more
471 1491 595 1562 ponitur,
619 1506 703 1564 quum
718 1491 907 1566 percipiturea,
917 1508 977 1564 que

86 1562 192 1638 iliquem
208 1582 331 1625 moveat,
353 1563 511 1633 jucunditas.
541 1562 621 1620 Vides
635 1583 664 1620 ur
675 1567 802 1641 Voluptas
814 1568 920 1642 proprie
934 1584 976 1621 tet

87 1658 113 1701 r,
134 1634 325 1702 demanium,
346 1646 371 1694 &
388 1640 555 1712 incorpore?
577 1638 643 1706 quid
661 1639 699 1705 est
716 1661 805 1698 antem
821 1644 909 1720 magis
925 1641 976 1697 lto·

86 1719 234 1773 onerarium
249 1733 331 1790 quam
346 1714 488 1771 vitiositas?
504 1715 545 1771 sed
560 1715 627 1770 ttiltil
640 1720 756 1775 omnino
768 1713 854 1805 legill'e
867 1717 977 1788 vileris,

85 1789 188 1853 tinill'e,
211 1792 258 1866 qui
272 1789 369 1845 nescias
390 1810 471 1862 quam
495 1792 588 1847 acriter
602 1794 670 1845 Cato
687 1796 773 1862 Major
785 1793 854 1868 apud
870 1796 980 1848 Cicero-

86 1866 237 1941 toluptatem
253 1869 410 1930 invehatur,
429 1867 549 1938 equibus
564 1864 622 1921 sunt
634 1867 838 1943 illaRhetorum
852 1867 978 1925 fulmina:

86 1941 103 1994 'u
118 1947 210 1998 avidas
223 1945 340 1998 libidines
355 1958 445 1998 temere
457 1945 486 2002 u·
497 1940 623 2014 tffi'ennte
640 1946 677 1998 ad
692 1948 840 2018 potiundam
859 1947 979 1999 incitari.

86 2020 139 2072 trie
158 2021 333 2089 proditiones,
360 2019 416 2073 binc
443 2037 527 2072 rernm
554 2019 713 2091 publicarunt
741 2021 896 2086 etterfiones,
925 2039 980 2074 cunt
1047 2024 1051 2033 '

86 2093 238 2164 clandestina
263 2097 388 2168 colloquia
410 2094 500 2167 irasci:
529 2095 631 2153 intilltm
650 2097 755 2167 denique
764 2095 863 2170 scelus,
882 2096 980 2150 nullum

86 2168 171 2224 iaciens
191 2167 252 2244 effi,
275 2174 313 2225 od
326 2174 395 2242 qnod
405 2169 589 2245 supiipiendunt
606 2178 656 2227 'tion
681 2172 760 2227 libido
774 2174 915 2246 voluptatis
932 2175 980 2224 int,

87 2259 161 2317 tupre
175 2266 252 2307 veru,
273 2248 422 2308 minitarier,
444 2248 475 2305 <⁴5⁸
496 2265 565 2300 otttne
585 2247 639 2301 tnle
652 2247 805 2320 flagitium,
824 2248 902 2304 nnllt's
917 2249 980 2305 nlit't

92 2325 217 2385 excitari,
239 2322 288 2396 nip'
298 2323 455 2389 voluptatis.-
476 2321 765 2394 qnninquehuntinistne
780 2326 905 2386 Nature,
918 2322 979 2397 fiete

87 2419 95 2450 r
109 2398 176 2451 nilil
192 2412 272 2452 triente
284 2396 449 2471 propitiine
460 2401 572 2459 dederit,
592 2399 648 2453 hnic
660 2401 750 2454 divino
763 2396 861 2456 muneri
873 2420 903 2457 at
913 2403 979 2456 dont

86 2492 99 2526 n
117 2472 164 2546 effe
180 2477 323 2536 inimicum,
342 2492 417 2546 qnam
436 2476 607 2546 uoluptatem:
630 2495 674 2530 net
692 2479 759 2530 eni-n
775 2480 788 2533 l
793 2477 883 2530 'bittine
896 2479 981 2531 donti-

87 2553 244 2621 etnperautiae
256 2551 334 2604 lorum
348 2549 391 2622 elle
408 2554 521 2608 omnino,
544 2567 585 2603 itte
604 2551 786 2624 inuoluptate}
801 2571 877 2625 regne
890 2555 979 2604 uirtn«

86 2621 93 2677 i
110 2625 247 2699 confistete.
286 2627 342 2680 Nec
356 2626 391 2678 ita
408 2625 493 2680 mulo
508 2622 565 2699 post
576 2623 781 2698 pulcherrimam
798 2625 865 2682 hanc
877 2625 981 2682 sentem

86 2697 136 2764 lit,
153 2703 257 2773 Impedit
270 2706 335 2756 eninr
347 2703 473 2774 confilium
488 2703 604 2775 uoluptas
616 2706 715 2756 rationi
729 2704 848 2765 inimica,
870 2723 900 2758 nr
911 2721 981 2757 mett·

94 2779 133 2831 ita
151 2778 249 2844 dicein)
271 2778 422 2850 perstringit
441 2779 540 2837 ortiles,
562 2796 608 2832 ntt
624 2778 698 2832 habet
714 2781 793 2833 ullum
810 2798 863 2834 cnm
879 2783 983 2834 virtuto

86 2851 140 2906 'um
166 2854 189 2907 Ii
205 2870 237 2907 tte
252 2853 333 2929 igitur
349 2852 396 2907 tibi
410 2849 466 2907 falli
480 2850 619 2918 videntur,
640 2871 686 2929 qut
704 2855 865 2929 voluptatem
883 2854 916 2910 ab
930 2853 980 2908 lto·

86 2927 257 2997 liremernnt,¹
277 2929 318 2983 cui
333 2944 467 3002 tantopere
482 2925 512 2982 fit
526 2929 653 2984 inimica?
676 2928 723 2984 Sed
738 2933 898 3006 voluptatem
919 2932 979 2999 (itt-

86 3023 108 3067 m
122 3021 180 3058 eam
195 3020 246 3084 ego
258 3002 392 3078 intelligo„
411 3023 469 3078 qna:
485 3006 576 3058 virtuti
587 3007 719 3060 contraria
731 3003 783 3060 est:
796 3025 888 3061 verum
903 3022 976 3076 eam,

86 3074 213 3134 nonestate
225 3077 354 3154 proficisci
369 3078 443 3137 soler.
463 3075 563 3135 Deline
573 3080 655 3154 igitur
669 3081 799 3155 ineptire,
811 3082 976 3138 cumlatine

99 3173 180 3209 nemo
196 3158 269 3210 euim
284 3154 354 3229 apud
371 3175 418 3209 nos
433 3156 469 3210 ita
490 3155 624 3228 loquitur,
646 3173 674 3211 nt
686 3157 903 3229 tranquillitatem
918 3174 979 3212 eam

86 3237 112 3286 &
125 3232 256 3307 quietem,
269 3250 337 3306 quat
356 3231 388 3286 ab
404 3227 538 3287 honestate
551 3227 735 3305 proficiscitur,
754 3231 914 3308 voluptatem
931 3251 978 3307 apa

89 3324 134 3360 um
150 3309 267 3371 uoluptas
287 3312 331 3375 {ut
345 3305 581 3376 ollettditCicero)
592 3305 691 3380 semper
701 3308 740 3379 stt
755 3311 782 3363 in
797 3323 880 3372 metu,
899 3326 981 3382 atquo

88 3383 170 3437 iatut:
192 3385 311 3455 Voluptas
322 3383 355 3456 est
368 3383 491 3455 jntnndttt
505 3396 584 3437 ntntut
597 3386 626 3437 in
638 3381 723 3459 [infit.
743 3384 782 3439 tel
796 3385 848 3448 ita,
860 3385 980 3459 Voluptati

86 3456 217 3519 partitate
233 3459 324 3532 aliquit
344 3473 467 3514 natmnin
485 3456 566 3532 ipsam
583 3473 682 3520 mouet,
703 3463 733 3520 du*
751 3480 804 3516 cam
817 3460 979 3535 p'ttoonditutt

90 3537 231 3607 percipitur
240 3531 362 3608 senfiins.
396 3533 482 3608 Qiucl
502 3550 590 3589 autem
608 3532 756 3597 Honestas,
777 3543 803 3592 st
817 3554 983 3612 quaecunque

86 3628 129 3669 nr,
150 3608 285 3684 voluptate
302 3629 422 3671 careant,
443 3608 520 3664 dotet
537 3609 628 3683 primo
648 3609 680 3665 tle
697 3612 812 3688 Legibus
833 3613 875 3669 his
895 3613 981 3668 verbis

95 3689 188 3740 Animi
206 3705 286 3742 ontnes
300 3690 439 3742 tenduntnr
454 3686 547 3758 infidae
563 3687 595 3741 ni
614 3705 659 3746 ta,
682 3707 734 3760 pne
750 3693 849 3763 penitnt
869 3693 898 3744 in
913 3690 984 3743 vinni

86 3762 192 3846 plinta
215 3760 328 3843 inficiet,
353 3767 489 3829 imitatrix
510 3763 568 3820 loni
586 3763 725 3835 uoluptate,
749 3767 872 3829 melorum
897 3776 985 3817 autem
