2490 4500
108 191 162 273 80
375 256 384 281 ,

110 319 214 371 allicitur
229 312 321 376 verbis,
336 314 424 382 capitur
435 311 557 367 beneficiis
572 309 716 367 multitudo:
739 316 803 378 eujus
818 329 899 368 autem
916 314 947 369 ad
954 316 1042 378 verba,
1056 313 1143 370 heresi

111 385 195 448 ciaque
208 380 312 446 probitas
326 380 429 430 accedit,
452 396 508 429 eum
524 380 677 429 vehementer
690 382 851 444 ampleditum
875 384 898 429 ei
912 380 934 430 se
948 381 1030 439 dedit,
1045 398 1088 446 pio
1103 385 1144 441 ejus

112 446 219 499 honore,
243 461 269 492 ac
284 444 413 508 dignitate,
429 444 524 491 nullum
538 441 646 491 laborem
662 443 735 499 vitat,
758 446 855 496 nullum
870 441 997 505 discrimen
1013 444 1140 496 extimescit.

112 505 229 556 beneficio
244 507 310 555 enim
327 507 434 556 ducitur,
450 520 532 554 amore
541 506 680 570 impellitur.
694 505 728 553 ita
737 506 838 572 sequitur
851 505 998 572 probitatem
1008 509 1101 558 utilitas.
1115 511 1139 559 ii·

111 583 149 620 cet
156 572 284 618 utilitatem
298 568 401 632 probitas
415 581 561 616 contemnat.

143 634 230 690 lnjuste
238 633 402 694 vexatisopcm
413 629 473 678 ferre
485 646 537 678 non
551 630 696 680 mediocrem
705 631 801 681 laudem
809 630 891 680 habet:
906 632 999 696 quique
1007 632 1054 682 hoc
1065 648 1137 697 genere

110 695 199 759 praestat
206 692 292 748 officii,
309 693 368 741 dum
376 707 462 755 paucos
471 693 573 741 vindicat
586 691 615 740 ab
624 694 725 753 injuria,
741 710 754 741 a
767 696 850 743 multis
857 697 957 768 gratiam
967 698 1074 760 acquirit.
1081 693 1135 744 suam

109 759 177 807 enim
187 755 285 822 quilque
298 756 465 804 conditionem
480 753 648 803 reminiscitura
669 759 694 805 δι
708 756 786 806 homo
798 757 907 805 hominis
921 753 1041 806 miseriam
1054 774 1101 806 riori
1113 760 1136 806 li·

80 856 85 870 .
108 818 192 883 beuter
201 819 272 867 videt.
305 824 397 866 Decoia
409 833 464 866 veto
477 818 504 864 in
519 819 616 880 primis,
637 821 661 866 dc
676 820 795 868 interdum
809 817 928 871 salutaris.
943 819 1088 883 hospitalitas
1097 821 1133 868 cst:

110 882 211 933 decora,
226 880 472 943 cumaccipiunmiii,
495 881 537 945 qui
545 897 597 929 iioii
605 893 688 945 egent:
704 879 808 929 l'alutaiis
821 879 1010 945 inpaupeiibus,
1024 882 1134 948 inquibus

110 945 219 993 Christus
228 944 275 999 cst,
291 944 333 1008 qui
342 944 445 990 minima
453 942 563 990 dantibus
575 944 681 990 maxima
689 943 795 993 retribuit
804 946 834 1004 in
847 946 912 992 calo.
999 949 1002 953 ’
1165 944 1176 1029 ἱ

142 1008 257 1058 Pecunia,
274 1009 298 1055 di
314 1001 436 1053 assentatio
447 1005 596 1053 liomincsad
609 1002 805 1054 benevolentiam
816 1007 902 1056 allicit:
916 1003 956 1054 sed
965 1007 1076 1071 exiguum
1085 1010 1134 1054 utia-

108 1085 158 1136 que
172 1069 276 1117 siusium
293 1065 344 1116 scit.
359 1068 471 1128 corruptis
487 1069 553 1115 milla
567 1065 637 1114 fides:
660 1067 782 1116 blanditiis
796 1068 910 1126 deleniri,
927 1085 980 1117 non
997 1069 1073 1116 modo
1088 1069 1132 1127 juli
1168 1040 1176 1125 s,

107 1133 209 1196 imperia
218 1147 269 1179 non
277 1129 369 1181 sciunt,
384 1127 607 1177 scdadinonitiones
614 1143 713 1239 puoque
720 1134 837 1192 respuunt.
861 1135 913 1180 Nec
921 1145 1006 1181 tamen
1023 1131 1132 1179 corredio·
1170 1152 1176 1177 .:

108 1195 234 1245 sevitium
244 1205 311 1242 caret.
326 1193 381 1241 licet
397 1192 473 1254 laigiii
481 1193 603 1253 pecuniam
622 1207 662 1239 ine
669 1191 816 1248 ambitione,
832 1194 933 1242 comiter
941 1208 1009 1257 agere
1018 1191 1065 1241 fine
1078 1208 1133 1240 meu·
1168 1198 1176 1209 ’·

107 1257 185 1307 dacio.
207 1255 523 1318 alition'ernutirmquevitae
536 1255 669 1318 integritas,
694 1253 858 1317 desipientia,
883 1256 1009 1304 &ditesta
1023 1256 1053 1303 ad
1067 1261 1135 1304 Derim

107 1319 223 1383 cogitatio
238 1317 386 1366 moderetur:
410 1331 460 1364 noti
470 1317 563 1371 lolum,
579 1318 716 1378 utplaceat,
740 1333 766 1365 ac
777 1317 887 1379 probetur
895 1319 937 1373 id,
953 1317 1023 1383 quod
1030 1319 1093 1382 agis,
1105 1333 1137 1366 ie·

106 1397 161 1430 rum
170 1383 260 1452 etiam,
276 1393 302 1428 ut
316 1378 418 1427 bonade
426 1391 449 1426 re
459 1376 509 1441 ipso
519 1379 659 1428 existimatio
668 1378 704 1429 sit.
719 1380 752 1428 ita
760 1377 837 1430 fidelis
845 1383 889 1429 erit
896 1379 1066 1430 benevolentia
1071 1378 1137 1430 ielad

162 1455 293 1492 etuitatem.

105 1457 348 1554 Petlsi-,neiiciifiueius
362 1518 391 1551 ex
405 1516 503 1566 paupere
516 1503 611 1559 certior,
627 1516 697 1569 atque
708 1502 802 1553 uberior
811 1504 858 1557 est,
873 1520 948 1570 quam
957 1521 987 1554 eir
996 1505 1077 1555 divite.
1090 1520 1139 1570 pru-
1168 1500 1176 1565 ,ἵ

106 1582 148 1633 pei
163 1563 185 1615 se
200 1565 327 1630 spedatum
340 1562 384 1614 effe
397 1578 477 1628 putat,
493 1580 544 1613 nen
559 1564 682 1624 fortunam
691 1565 771 1627 suant,
787 1578 843 1616 cunt
850 1568 1022 1617 remunerandi
1039 1566 1138 1617 &ultan

106 1644 197 1680 careat:
214 1632 254 1680 dc,
270 1627 351 1693 quoad
364 1643 416 1675 non
430 1642 577 1682 remunerat,
598 1627 682 1678 debet:
722 1630 785 1678 uoad
800 1628 883 1685 debet,
898 1628 1023 1687 observat,
1038 1642 1140 1695 amatque
1174 1632 1176 1663 :

106 1707 178 1744 eum.
195 1707 209 1739 a
222 1707 272 1757 quo
286 1691 383 1753 accepit..
394 1691 426 1737 ita
434 1688 544 1739 beneficii
552 1692 670 1739 memoria
686 1644 895 1755 vsspcipumest,
909 1693 947 1740 vel
962 1692 1082 1742 diuturna.
1111 1699 1138 1741 lit

106 1754 173 1804 dives
183 1754 237 1802 ideo
247 1753 290 1802 fibi
298 1751 409 1801 tributam
419 1749 570 1817 elsegiatiani
578 1752 679 1812 judicat.
694 1755 751 1818 quia
767 1753 851 1803 iefcrre
863 1769 961 1817 parem,
975 1767 1018 1803 aut
1030 1757 1138 1816 majorem

107 1818 183 1868 etiam
198 1816 274 1879 poffit.
300 1830 348 1880 quo
363 1814 403 1871 fit,
419 1812 524 1867 uteut‘n.
538 1817 580 1880 qui
596 1812 764 1874 benemeritus
777 1817 825 1868 est,
840 1830 1057 1879 penecontemnat.
1089 1822 1140 1865 lia·

106 1893 170 1930 terea
183 1879 247 1929 dives
263 1879 368 1926 humana
376 1877 432 1934 dat,
458 1878 514 1943 quia
527 1877 660 1926 homoest:
684 1893 758 1943 eaque
770 1879 929 1927 remuneratio
943 1877 1035 1928 finibus
1047 1878 1141 1929 includi·

105 1941 259 2007 turangustis.
276 1953 299 1988 at
307 1955 349 2004 pio
358 1955 455 2004 paupere
462 1953 624 1990 remunerator
639 1939 761 1988 estDeus:
783 1955 826 2005 qui
837 1955 879 1990 nec
893 1956 994 1990 munera
1004 1938 1062 2007 sape
1078 1954 1139 2007 negat

107 2005 229 2061 humana,
246 2007 270 2053 δι
286 2002 378 2057 divina,
393 2004 467 2051 nullis
480 1999 649 2065 circumscripta
663 2000 751 2051 finibus
765 2015 877 2066 perpetuo
893 2002 979 2052 reddit.

139 2069 184 2117 Vix
193 2080 273 2115 autern
280 2065 355 2114 verbis
362 2066 466 2129 exprimi
473 2065 560 2129 potest,
576 2065 711 2129 atqueadeo
720 2067 790 2114 nullo
804 2064 881 2113 modo
893 2065 984 2129 potest,
1000 2081 1076 2131 quam
1089 2070 1138 2116 Deo

134 2144 171 2179 ata
183 2129 309 2178 liberalitas
322 2144 348 2176 ea
362 2125 402 2183 sit,
418 2144 469 2192 qua
483 2126 602 2176 confertur
617 2128 642 2174 in
657 2143 774 2191 pauperes.
807 2130 917 2176 Minuere
932 2125 1008 2182 sacros
1017 2125 1139 2185 thesauros,

105 2143 253 2257 ssciilegium
262 2191 305 2238 eii:
328 2187 411 2238 sivero
426 2191 563 2238 minuantur
576 2187 671 2237 obeam
681 2186 780 2239 caussam
791 2224 797 2241 ‚
813 2202 839 2238 ut
854 2190 994 2239 minuaunir
1007 2190 1080 2241 fimus

74 2248 77 2263 '
98 2254 190 2318 'petunt
208 2251 381 2307 incommoda,
401 2251 575 2314 probaturus,
599 2255 624 2300 dc
647 2254 679 2299 ita
694 2253 758 2301 locat
771 2253 833 2300 inter
849 2250 990 2309 benefadia,
1012 2265 1040 2302 ut
1049 2254 1140 2303 nulum

124 2316 200 2365 ieratis
208 2314 314 2364 officium
324 2315 395 2376 plutis
403 2314 507 2362 aestimet.
530 2328 605 2365 nain,
620 2315 673 2378 quis
689 2315 791 2378 pecuniae
800 2312 1058 2377 piaestannorususest‚
1072 2330 1140 2383 quam

106 2333 125 2429 si
139 2391 246 2442 erogetur
264 2378 289 2422 iii
304 2391 361 2430 eos,
384 2377 408 2422 in
422 2374 508 2439 quibus
521 2371 568 2438 ipse
577 2376 691 2424 Christus
705 2378 755 2424 esti
778 2378 834 2425 latet
849 2377 875 2424 iii
888 2372 987 2439 persona
1002 2392 1139 2441 pauperum:

105 2441 178 2505 petit,
194 2444 304 2500 &rogati
319 2434 403 2486 esurite
413 2434 451 2493 se,
466 2436 543 2491 sitite,
558 2435 662 2497 hospitio
675 2439 780 2502 indigere
797 2437 917 2502 significat.
941 2441 997 2505 quis
1011 2441 1047 2489 ita
1060 2441 1139 2496 duim,

105 2499 242 2557 aufericus,
257 2513 283 2547 ut
299 2514 369 2562 pauca
383 2512 451 2562 neget
465 2500 502 2550 ei,
516 2500 554 2547 cui
567 2497 635 2547 debet
648 2503 749 2549 omnia?
765 2502 857 2564 quisita
868 2502 956 2550 metitis
969 2503 1060 2565 inops,
1074 2506 1105 2553 ita
1114 2502 1141 2551 de

106 2563 188 2626 seipso
199 2565 262 2628 negli
278 2576 342 2610 enter
351 2562 470 2625 cogitans,
485 2575 555 2626 atque
569 2561 629 2610 adeo
646 2561 744 2625 seipsum
761 2577 931 2618 contemnens,
954 2576 983 2613 ut
993 2565 1079 2629 exigua
1086 2579 1141 2615 inet-

106 2625 164 2678 ecde
179 2623 243 2675 suam
260 2576 359 2674 salutem
374 2623 502 2671 emcndam
523 2639 574 2672 non
585 2628 665 2686 putet?
681 2623 814 2676 thesauros,
838 2628 863 2676 dt
876 2624 983 2674 humana
996 2629 1085 2677 omnia
1097 2641 1142 2678 coi-

108 2691 199 2752 rumpit
205 2687 266 2736 dics:
283 2701 383 2742 accam,
416 2703 449 2734 ure
462 2687 492 2734 de
499 2684 610 2735 thesauris
619 2701 716 2739 manat,
731 2689 828 2751 gratiam
843 2689 909 2736 nulla
922 2687 974 2736 dies
983 2687 1068 2739 aufert.
1099 2689 1141 2738 veti

107 2764 190 2800 autem
202 2750 302 2798 thesauri
314 2747 366 2797 sunt
382 2765 398 2796 o
426 2749 461 2796 cia
475 2748 653 2800 misericordia:
669 2765 734 2797 verus
749 2747 865 2798 thesaurus
878 2745 926 2813 ipse
940 2755 1008 2799 Deus
1024 2751 1065 2801 est.
1096 2750 1142 2801 iic

106 2828 176 2879 qno.
190 2813 233 2877 qui
245 2813 344 2867 divites,
366 2814 390 2860 dc
404 2810 467 2859 beati
481 2812 542 2858 littei
555 2811 804 2920 hominespuiantur,
824 2824 893 2876 egent
907 2846 914 2867 ,
935 2808 1065 2878 miserique
1079 2816 1142 2863 surii:

106 2889 206 2926 eontra,
229 2876 272 2939 qui
284 2887 351 2984 effere
364 2873 488 2924 videntur.
512 2889 567 2920 cum
580 2872 597 2920 fi
611 2871 669 2935 polh
689 2888 729 2921 ent
744 2872 816 2922 bonis
833 2873 948 2923 omnibus
967 2875 1141 2925 circumfluunt.

107 2937 175 2989 Vidit
191 2937 252 2993 hoc,
269 2940 293 2986 ὅ(
311 2933 385 2990 ensi,
402 2939 426 2984 dr
438 2951 484 2984 nos
499 2936 580 2983 docuit
594 2940 676 2983 Beatus
685 2938 838 2992 Laurentius,
853 2952 924 2993 etim,
941 2937 973 2986 de
980 2934 1141 2988 thesaurisEc·

107 2999 194 3052 elefiae,
209 3015 312 3064 quoium
322 2998 466 3054 custoseiat,
481 2998 646 3062 interrogatus,
669 3003 780 3060 Paupcies
796 2998 906 3049 ostendit.
931 2999 998 3065 Quid
1005 3003 1143 3050 cetetildai·

107 3066 183 3126 tyresi
199 3062 258 3127 quid
265 3063 306 3110 alii
330 3058 590 3123 iopeinuumciabilcs,
613 3062 655 3124 qui
670 3062 696 3108 in
711 3054 815 3108 huniana
827 3062 874 3110 vita
889 3061 970 3110 divina
978 3062 1056 3111 studia
1064 3062 1140 3112 'colue-

108 3127 180 3174 runt?
204 3123 302 3189 dispares
309 3077 403 3172 sbitass'e
414 3124 517 3176 meritis,
533 3137 559 3170 ut
572 3122 681 3187 cujusque
691 3122 802 3178 facultas,
826 3137 865 3171 aut
875 3122 966 3172 occasio
974 3124 1047 3181 tulit,
1061 3138 1140 3173 omnes

108 3201 192 3236 tamen
200 3189 328 3236 Laurentio
343 3192 427 3233 niciiic'
438 3184 571 3238 simillimi,
587 3186 640 3247 pii,
657 3183 830 3240 misericordes,
846 3185 875 3233 de
889 3187 942 3233 aliis
950 3183 1065 3240 solliciti,
1078 3186 1106 3235 de
1118 3183 1142 3235 se

46 3259 48 3264 ’
110 3263 144 3298 tte
158 3251 183 3296 in
201 3250 323 3298 crastinum
338 3248 435 3312 quidem
454 3248 590 3309 cogitantes.
623 3263 678 3309 eigo
693 3248 827 3303 illivivunt,
838 3249 968 3312 hiventque
985 3247 1141 3312 sempeicum

111 3311 248 3359 immortali
260 3313 390 3358 viventium
404 3315 474 3357 Deo:
496 3308 587 3363 nobis,
610 3308 628 3356 si
644 3311 773 3373 praeclaram
793 3306 990 3359 consuetudinem
1005 3311 1141 3370 imitemur,

112 3373 196 3424 eadem
207 3372 323 3437 proposita
330 3374 376 3425 vita
384 3372 431 3424 est:
447 3370 465 3422 st
473 3372 631 3437 negligamus,
647 3384 730 3422 aterna
740 3387 805 3422 mors
813 3372 943 3436 impendet.

911 3728 969 3817 M.
996 3738 1137 3822 TVI„
