2490 4500
92 270 263 353 judicabant,
284 262 373 331 utnisr
386 270 532 347 petritum
545 266 779 347 gratiostslimnrn,
798 276 825 327 δι
837 264 944 339 summa
955 190 1049 329 arictes.

90 376 106 413 e
127 352 271 433 preditum
289 352 319 407 in
337 367 367 405 ea
385 345 529 425 prasertim
543 347 695 403 calamitate
706 344 880 404 constitutum
897 348 947 411 id,
973 348 1049 427 quod

89 434 162 489 ¹bant
182 448 198 486 a
215 434 333 490 Senatu,
363 423 461 501 populu
483 442 515 479 ue
533 424 663 479 Romano
680 424 806 499 consequi
826 442 881 479 non
901 420 1049 500 sperabant.

89 508 226 564 limarum
236 506 320 579 igitur
333 498 431 557 intent
446 442 499 556 sila
513 498 591 573 hujus
604 496 740 577 presentis
751 502 857 579 gratia,
879 502 1049 568 aucloritate,

89 581 219 641 tricordia
232 580 281 639 fibi
293 576 403 653 obsequi
416 577 535 633 Romani
549 593 717 655 cogerentur.
757 596 820 632 nam
838 572 855 633 fi
873 576 943 635 secus
955 576 1050 645 fuisset,

89 652 818 793 lllilllllsslllssmllllllllll‘lllll
832 688 857 785 l,
870 655 942 787 qu
955 658 1051 713 ‘'5¹²⁰“

89 813 177 875 bant,
199 806 310 885 simplici
323 748 492 881 juiejuraido
507 748 646 883 iiunquam
664 802 841 863 credidissent.
861 748 1052 865 pvperiiiitmtaetiri

89 892 166 947 ebant
186 885 261 943 illam
280 902 447 959 captrvorum
486 882 693 938 etmutationem
715 920 724 949 ‚
763 899 792 939 ut
813 901 889 961 agere
909 880 1054 961 periculose

89 968 161 1029 lent,
183 980 283 1039 quam,
302 958 373 1035 quod
387 958 432 1015 sua
446 900 593 1033 plurimum
610 954 739 1024 referret,
767 958 823 1015 ullo
837 958 922 1015 modo
936 961 1052 1017 intenta·

108 1040 283 1113 relinquere,
312 1054 384 1091 nunc
403 1030 570 1091 statuendum
585 1032 624 1091 cll
638 1053 730 1091 utrum
745 1034 841 1091 Attilio
855 1031 883 1091 id
898 1034 1052 1095 faciendum

89 1138 129 1181 rt,
151 1112 227 1189 quod
239 1108 322 1170 nostis
333 1110 453 1183 jubebat,
476 1130 509 1167 an
522 1110 597 1185 quod
611 1109 644 1167 ad
657 1113 794 1188 optimum
808 1112 912 1177 civem,
932 1108 1052 1189 grauissi-

89 1214 113 1251 n
138 1192 275 1249 ueritum
288 1188 456 1265 pertinebat,
485 1185 592 1262 siquod
612 1184 697 1244 hostis
715 1186 842 1261 jubebat,
870 1208 955 1267 neque
967 1188 1054 1247 bourn

89 1290 125 1327 re
146 1288 163 1324 e
178 1284 299 1343 poterat,
328 1282 415 1341 neque
432 1264 473 1321 uir
490 1260 577 1320 sortis.
618 1264 717 1341 quippe
732 1264 779 1341 qui
792 1266 887 1321 animo
900 1266 1055 1332 imbecillo,

89 1344 190 1421 idoque
202 1342 297 1399 mortis
310 1348 337 1399 &
350 1336 424 1397 suam
438 1376 447 1405 ,
467 1346 494 1396 ot
510 1338 603 1415 populi
616 1342 737 1397 Romani
750 1338 910 1419 dignitatern
926 1336 1054 1400 violasset.

106 1424 185 1479 enirn
201 1418 228 1477 id
242 1438 304 1477 eum
317 1416 436 1505 fugiebat
450 1452 461 1481 ,
485 1414 511 1473 se
523 1416 651 1473 libertatis
666 1415 805 1475 dulcedine
815 1418 849 1474 ab
861 1416 983 1477 hostibus
996 1437 1056 1475 ten.

91 1538 101 1563 ,
125 1514 157 1557 ut
171 1496 242 1574 quod
259 1493 306 1553 stbi
320 1512 412 1551 nunus
424 1488 569 1549 honestum
581 1492 728 1557 rideretur,
746 1510 838 1551 tamen
849 1514 927 1583 agere
935 1494 1056 1553 auderet,

90 1596 132 1633 :ttt
146 1574 191 1631 liic
204 1572 318 1635 Caclius,
339 1570 404 1647 quid
420 1569 526 1700 ngulo
540 1566 664 1636 suaserit,
687 1586 716 1627 ut
727 1589 786 1626 eam
799 1571 961 1649 legationem
976 1570 1055 1631 susci.

90 1670 117 1709 tt.
141 1666 293 1727 preterca,
313 1666 373 1723 qua:
389 1650 429 1701 M.
471 1646 549 1702 ullius
560 1644 594 1701 ad
606 1644 675 1703 hanc
687 1644 864 1721 quaestionem
880 1650 983 1717 attulit,
1004 1647 1057 1707 hoc

90 1724 329 1805 :quodvercbttut
342 1742 392 1787 ne,
415 1718 434 1777 sr
448 1740 505 1777 non
518 1720 664 1797 suscepissct
674 1724 762 1803 gratia
774 1726 1007 1801 propinquorum,
1028 1732 1058 1784 ut

90 1824 191 1866 reorum
208 1800 333 1863 suorum,
352 1816 443 1855 tamen
459 1817 573 1861 cotum,
594 1798 642 1873 qui
656 1796 744 1855 secum
757 1800 786 1854 in
797 1798 891 1857 eadem
903 1818 978 1857 etant
990 1802 1059 1859 cala·

91 1899 156 1943 ate,
185 1876 288 1936 senatus
302 1876 420 1953 captivos
436 1890 606 1949 permutaret.
644 1873 729 1931 voluit
743 1877 817 1931 enirn
829 1876 871 1931 rit
883 1872 1058 1941 fortiffimus,

90 1954 175 2032 tolleq
187 1973 296 2031 qunque
306 1952 338 2009 dc
352 1953 404 2008 illis
414 1950 478 2007 olto
492 1949 609 2006 millibus
623 1988 631 2013 ,
659 1970 728 2027 quos
751 1950 870 2009 Annibal
889 1954 918 2009 in
936 1948 1028 2010 castris
1042 1972 1060 2011 a

90 2038 148 2097 ilo,
176 2034 339 2089 &Varrone
353 2024 427 2084 Coss.
448 2026 554 2083 teliclos
566 2027 684 2083 tenebat.
721 2024 812 2083 statuit
823 2032 955 2093 Senatus,
981 2029 1061 2085 omni

95 2103 197 2171 sublata
208 2106 280 2181 poslit
291 2102 364 2168 fieti,
388 2122 429 2166 ur,
457 2102 504 2177 qui
520 2118 674 2179 caperentur
689 2102 722 2159 ab
736 2100 828 2167 holle,
850 2102 1060 2171 redimerentur,

97 2184 343 2267 permutationibnr
360 2178 532 2313 qostliminio
544 2179 670 2244 redeunt,
694 2180 933 2257 cogiautvincere,
953 2178 1062 2237 autsot-

90 2262 278 2325 rocettmbcre.
304 2276 358 2333 quo
390 2256 500 2333 quidcnt
514 2258 646 2313 Horatius
658 2274 675 2313 a
686 2256 771 2315 Caelio
781 2254 933 2319 dillcttticus
941 2258 1062 2319 carmine

90 2340 226 2403 chettimo
239 2338 275 2392 ita
287 2334 434 2393 celebrauit.

202 2416 256 2474 llic
268 2424 374 2468 catur-at
387 2428 453 2465 inens
467 2410 580 2483 provida
595 2410 687 2489 Reguli

164 2484 343 2565 Diffintientis
353 2484 540 2543 conditionibus

164 2569 265 2630 Foedis,
286 2563 440 2637 &exemplo
457 2562 584 2617 trahentis

165 2645 309 2703 Perniciem
320 2641 424 2696 veniens
436 2640 463 2693 in
478 2655 574 2700 evum,

204 2722 224 2777 S
226 2726 237 2775 i
250 2738 301 2774 non
312 2720 410 2791 periret
421 2713 611 2788 immiserabilis

166 2798 283 2869 Captiva
294 2794 376 2867 puber.
396 2794 477 2867 Signa
491 2807 534 2865 ego
544 2791 643 2865 punicis

166 2871 261 2949 Affixa
277 2869 406 2929 delubris,
428 2868 460 2927 ιἐι·
475 2884 549 2921 arma

166 2950 301 3007 Militibus
301 2946 359 3019 fine
368 2946 430 2999 cede
440 2944 513 2997 dixit

206 3028 316 3099 Direpta
329 3024 406 3085 tviclr,
426 3022 484 3076 uidi
493 3038 537 3093 ego
549 3017 645 3073 civium

166 3101 276 3159 Rerum
292 3112 360 3173 tergo
374 3096 476 3152 brachia
490 3096 587 3157 libero,
672 3108 681 3128 ⁸

168 3174 312 3253 Parnesque
323 3171 497 3245 mursensem,
518 3172 550 3231 ἐν
560 3187 631 3225 arva

167 3256 261 3313 Marte
272 3252 321 3307 coli
332 3251 452 3323 populata
466 3246 560 3321 nostro.

207 3335 281 3385 Auro
293 3324 512 3399 repensrrssrilicet
522 3325 610 3378 acrior

168 3408 249 3463 Miser
259 3404 369 3459 redibit?
381 3402 492 3476 flagitio
503 3402 600 3455 additis

166 3486 306 3541 Damnum.
327 3497 404 3552 neque
414 3473 511 3552 antissis
520 3476 615 3533 coloret

165 3560 241 3615 Leria
254 3554 333 3634 rescat
344 3557 467 3609 medicata
474 3551 547 3631 flacc.

206 3638 259 3691 Nec
273 3652 337 3687 uera
349 3634 453 3692 virtus,
474 3625 614 3704 cumscmcs
620 3624 718 3691 excidii

167 3711 252 3771 Curat
263 3710 350 3787 reponi
357 3707 539 3807 interioribus.
